2590 4326
370 165 529 248 148
1061 147 1202 250 aa
1277 88 1434 256 Ji(
1544 146 1686 254 at·

271 374 282 377 -
367 329 680 414 tradunt
714 384 736 415 ,
788 353 1134 435 quotum
1181 329 1656 409 mitissimum
1712 330 1958 408 fuerat
2020 324 2359 424 strangu-

368 434 564 510 latio
596 477 618 507 ,
667 452 821 530 qua
873 452 1088 504 teum
1167 429 1249 505 in
1294 425 1577 504 fimum
1641 428 1877 526 usque
1929 425 2028 503 ad
2100 446 2356 524 genua

367 528 989 616 immergebant,
1067 526 1144 601 ὅ(
1215 517 1540 602 linteum
1616 524 1893 601 dutum
2008 523 2359 599 tenuiori

370 645 462 699 ac
515 621 861 698 mollioti
945 620 1305 698 insertum
1368 620 1584 697 collo
1637 623 1791 708 eius
1877 619 2355 714 circumliga-

370 723 557 798 bant
607 768 628 802 ,
681 716 899 818 quod
954 715 1175 795 testes
1229 720 1327 796 ab
1377 737 1697 811 uttaque
1756 717 1917 803 eius
2001 713 2358 792 extremi-

371 834 532 892 tate
594 816 690 890 ad
757 817 828 890 se
879 833 1033 905 tam
1107 816 1241 890 diu
1308 811 1711 891 trahebant
1755 861 1779 898 ,
1854 812 2111 889 donee
2195 811 2355 886 ani-

370 934 590 989 mam
636 910 1035 989 exhalaret.
1110 910 1727 1009 strangulatione
1793 910 1986 988 intet
2041 906 2354 996 Judaeos

368 1021 678 1119 gravior
724 1017 1161 1095 censebatur
1238 1030 1499 1090 τῆλ’-ππ
1566 1016 2017 1119 supplicium
2092 1015 2351 1113 gladii.

369 1118 692 1213 quando
768 1116 1148 1191 damnatis
1246 1131 1476 1211 eaput
1539 1130 1824 1190 trunco
1898 1111 2355 1211 impositum

365 1212 898 1313 praecidebant.
1045 1211 1305 1298 Maior
1364 1211 1704 1308 utrisque
1754 1207 2034 1308 speeies
2073 1209 2357 1291 Πεῆυ

366 1305 821 1385 combustio
879 1310 1281 1407 putabatur
1313 1360 1336 1388 ‚
1389 1329 1544 1405 qua
1598 1331 1912 1385 reorum
1989 1305 2112 1383 oti
2183 1324 2355 1378 can·¹

367 1404 560 1481 dens
610 1405 956 1502 illiquate
1004 1404 1409 1480 metallum
1491 1402 1857 1482 solebant.
1959 1402 2354 1478 Omnium

339 1518 631 1579 autem
681 1497 1214 1598 ‘graviffimum
1254 1522 1486 1603 penes
1529 1502 1730 1602 ipsos
1781 1516 1940 1575 erat
2013 1492 2356 1598 supplici-
2434 1506 2439 1511 ‘

365 1642 507 1696 um
560 1600 837 1723 ffl‘v‘po
905 1620 1307 1721 lapidatio,
1357 1644 1518 1720 qua
1577 1620 1950 1724 lapidibus
2019 1618 2225 1710 iastis
2281 1643 2361 1695 e-

365 1742 731 1802 necatum
774 1725 871 1802 de
921 1723 1167 1828 stipite
1245 1730 1598 1805 manibus
1635 1729 2011 1823 colligatis
2065 1725 2360 1828 suspen-

364 1822 692 1900 debant.'
777 1823 863 1899 In
921 1822 1414 1927 blasphemos
1484 1827 1564 1899 ὅ(
1617 1823 2069 1902 idololatras
2105 1875 2127 1901 ,
2217 1827 2358 1900 cri-

299 1931 304 1934 ’
360 1920 575 1995 mina
638 1920 1004 1995 omnium
1059 1925 1393 1998 maxima
1445 1969 1467 2002 ‚
1510 1921 1671 1996 hoc
1730 1920 2074 2021 supplicii
2117 1941 2357 2018 genus

361 2009 727 2092 statutum
770 2012 943 2093 fuit.
1046 2018 1252 2096 Hinc
1280 2014 2008 2095 Meffiamuostrum
2039 2064 2062 2099 ‚
2115 2038 2356 2112 quem

363 2108 843 2205 blasphemiae
886 2114 964 2192 ὅτ
1023 2111 1479 2194 idololatriae
1546 2113 1965 2214 blasphemi
2040 2108 2358 2189 Christi-

363 2209 718 2287 cidatum
782 2207 1063 2305 posteri
1153 2215 1547 2289 incusant·
1634 2209 2012 2312 lapidibus
2099 2213 2357 2306 ptimo

359 2303 787 2388 obtutum,
840 2303 1104 2404 postea
1183 2307 1611 2392 suspensum
1675 2307 2166 2385 contendunt
2211 2301 2355 2395 (e).

359 2398 516 2477 Hic
546 2423 804 2476 autem
842 2402 1185 2500 supinam
1217 2402 1658 2481 domesticae
1722 2401 2074 2481 Historiae
2133 2404 2361 2495 igno-

359 2498 682 2605 tantiam
744 2518 930 2588 eum
978 2498 1269 2575 malitia
1314 2496 1657 2602 produnt
1711 2499 2081 2599 Vetpuli‚
2134 2522 2360 2575 cum·

225 2659 232 2664 ,
315 2657 320 2662 .
358 2612 518 2688 que
563 2592 708 2670 ilhs
764 2594 843 2669 in
885 2589 1102 2671 illuni
1169 2593 1379 2693 quafi
1426 2594 1659 2672 noste
1702 2598 1926 2672 valde
1986 2597 2356 2672 multum·

345 2701 520 2788 ’que
577 2705 824 2766 errant
862 2737 885 2773 ,
967 2693 1102 2787 qui
1162 2689 1562 2771 Christum
1613 2692 2063 2783 Judaeotum
2130 2714 2361 2867 more}

329 2817 335 2825 “
2146 2812 2281 2866 ctu

364 3157 479 3253 (e)
530 3160 699 3233 Vide
736 3160 883 3236 loca
911 3188 1000 3236 ex
1036 3183 1329 3260 utroque
1387 3162 1728 3239 Talmude
1801 3160 1950 3239 sest.
1989 3181 2105 3253 27.
2159 3160 2363 3235 Chri-

389 3335 406 3340 Η
458 3255 635 3333 stum
666 3282 890 3352 autem
933 3284 1074 3332 non
1117 3260 1485 3354 lapidatum
1550 3256 1659 3332 sed
1713 3266 1885 3334 cruci
1962 3255 2144 3334 fuiffe
2209 3259 2363 3331 affi·

458 3379 649 3438 xum,
699 3380 836 3428 non
872 3356 1266 3454 Evangelica
1300 3378 1563 3431 tamtum
1599 3355 1910 3436 Historia,
1961 3355 2070 3432 sed
2105 3362 2179 3430 δε
2217 3354 2360 3429 Ta-

456 3458 625 3526 citus
665 3451 937 3525 testatur
971 3455 1216 3527 Annal.
1274 3457 1428 3532 Lib.
1457 3451 1603 3524 XV.
1637 3478 1780 3549 cap,
1809 3481 1931 3544 44,
1988 3457 2205 3529 anaor
2249 3454 2360 3523 in..

456 3550 609 3643 quit
651 3553 922 3622 nominis
959 3548 1095 3641 ejus
1138 3549 1425 3636 Christus
1444 3603 1467 3631 ‚
1518 3553 1631 3648 qui
1666 3551 1929 3628 Tiberio
1959 3552 2348 3647 imperitan-

454 3660 523 3715 te
546 3698 567 3724 ,
615 3664 733 3737 per
776 3656 1270 3724 Procuratorem
1326 3652 1641 3738 'Pontium
1690 3653 1990 3727 Pilatum
2029 3645 2350 3747 supplicio

455 3737 717 3840 aeffeffus
763 3761 935 3818 erat.
