2590 4326
819 128 960 235 ἐκ·
1078 107 1255 231 lx(
1338 133 1516 238 &-
1640 241 1646 245 ‚
2023 148 2268 247 379,

196 300 544 410 Tyranno
603 309 988 388 Mezentio
1040 311 1308 388 factum
1375 312 1566 402 fuit,'
1617 314 1851 415 quod
1889 329 2181 393 mortua

192 406 584 507 aliquando
646 432 959 508 corpora
986 411 1338 508 jungebat
1363 413 1543 487 vivis
1572 469 1592 499 ‚
1633 439 1672 489 a
1726 435 2008 511 ponens
2026 436 2177 489 ma-

189 507 405 581 nibus
486 530 782 594 manuS,
835 509 910 582 &
987 508 1232 583 oribus
1298 532 1424 585 ora
1450 565 1470 595 ‚
1527 511 1601 585 &
1669 512 1826 585 anie
1860 510 2170 609 tabeque

184 603 494 680 fluentes
531 604 928 703 complexu
967 606 1044 679 in
1072 603 1332 681 misero
1364 606 1590 705 longa
1622 606 1717 683 fic
1757 622 1997 682 morte
2045 632 2176 682 ne-

190 702 414 777 cabat.
515 700 904 780 Tormenti
960 725 1192 801 genus
1222 700 1561 778 hastenus
1615 703 2042 790 inauditum,
2093 705 2169 778 ὃς

192 800 273 875 ab
311 801 521 874 omni
567 798 1030 875 humanitatis
1062 798 1266 875 cultu
1300 814 1694 886 remotum,
1735 824 1887 904 quo
1913 815 2170 878 *tamen

188 894 386 973 sensu
420 892 469 969 fi
580 910 736 972 rato
773 895 997 972 semet
1020 895 1254 996 ipsum
1295 899 1660 973 excruciat
1682 900 1762 983 is,
1787 900 2168 999 quivivam

184 990 375 1069 suam
570 993 1059 1070 immortalem
1134 995 1447 1069 animam
1492 991 1863 1071 aretissimo
1901 998 2170 1072 amoris

234 1088 461 1165 lutine
501 1092 877 1167 combinat
922 1088 1117 1189 quafi
1151 1090 1223 1164 &
1267 1090 1835 1168 confertuminat
1875 1091 2163 1174 caducis

186 1114 622 1299 {perituris
646 1243 666 1274 ‚
744 1187 1170 1264 mortalibus
1220 1186 1570 1286 proinde,
1635 1186 1849 1284 hujus
1901 1188 2162 1268 mundi

184 1283 409 1371 boms,
452 1284 654 1359 unde
713 1283 895 1358 nihil
957 1284 1150 1362 aliud
1224 1282 1568 1384 consequi
1614 1284 1887 1386 potest,
1939 1307 2161 1384 quam

182 1378 303 1454 lon
424 1380 729 1457 &lenta
752 1438 772 1467 ‚
827 1396 900 1456 at
934 1381 1313 1481 spiritualis
1344 1382 1607 1458 mentis
1644 1438 1664 1468 ‚
1700 1405 1897 1456 mors
1930 1437 1952 1467 ,
1996 1404 2156 1481 quae

182 1489 294 1551 tan
348 1502 466 1553 em
514 1475 770 1553 definit
811 1481 887 1552 in
922 1498 1199 1553 mortem
1264 1477 1462 1554 illam
1487 1497 1522 1512 ·‘
1581 1499 1751 1558 uam
1792 1473 2155 1576 Scriptura

186 1574 483 1744 appellat
520 1575 857 1665 secundam
881 1611 931 1661 ,1
959 1597 1263 1676 quaeque
1330 1577 1409 1655 in
1455 1499 1766 1650 triltibus
1813 1572 1950 1652 illis
2003 1572 2153 1649 fine

182 1669 248 1744 so
279 1696 315 1745 e
368 1672 753 1758 domibus,
793 1685 1144 1748 aeternum
1176 1728 1195 1758 ,
1244 1694 1405 1748 non
1445 1668 1591 1747 fine
1636 1667 2150 1752 immaniffimis

184 1765 626 1846 Cruciatibus
657 1823 678 1855 ,
727 1772 844 1860 exi
901 1770 1083 1846 enda
1114 1770 1237 1846 est.
1327 1767 1699 1845 -Meditare
1747 1767 2147 1844 identidem

182 1865 683 1942 mortalitatem
709 1887 748 1952 ⁴,
883 1887 973 1942 eo
1006 1869 1221 1942 etiam
1263 1864 1397 1942 soli
1437 1862 1763 1941 'confides
1787 1909 1823 1951 ‚·
1858 1886 2147 1941 memor

185 1961 470 2039 coelestis
522 1962 711 2038 illius
756 1961 967 2039 fausti
1003 1961 1305 2041 Davidis
1336 1960 1528 2037 effati
1549 2016 1570 2048 ,
1609 1963 2005 2052 fiatritatem
2064 1987 2144 2035 ne

167 2060 421 2150 stabilem
457 2061 589 2133 tibi
640 2071 949 2163 promitte
993 2082 1210 2156 regum
1268 2058 1547 2155 prasidio
1582 2083 1835 2153 :neque
1860 2059 2142 2153 destirpe

182 2160 409 2231 mortali
451 2155 555 2245 ἐξ)
577 2159 803 2233 caduca
832 2180 997 2255 pone
1042 2159 1159 2231 tibi
1186 2160 1459 2230 columen
1475 2155 1714 2253 fidutia.
1831 2162 1920 2230 Ut
1947 2178 2139 2227 mem-

180 2251 281 2325 bra
331 2258 519 2351 liquit
543 2262 840 2366 Spiritus,
876 2264 944 2328 in
970 2255 1158 2346 fitam
1208 2274 1457 2327 terrena
1485 2254 1668 2327 moles
1707 2271 1943 2325 terram
1973 2251 2137 2337 abit,-

181 2347 260 2435 89⁹
288 2352 391 2424 diu
428 2354 709 2444 consulta
748 2354 1083 2444 vanescunt
1102 2408 1122 2439 ‚
1188 2349 1279 2438 ἓᾷ
1306 2376 1496 2423 auras
1538 2358 1731 2422 irrita
1745 2370 1866 2444 per
1904 2373 2136 2422 vacuas

166 2447 472 2539 swusttur.
584 2461 637 2523 Ο
677 2469 777 2523 ter
802 2450 1048 2522 beatum
1072 2475 1255 2545 quem
1300 2456 1499 2522 Deme
1512 2445 1877 2543 aethemkfido
1915 2464 2133 2518 tuetur

171 2545 425 2636 praefidio
464 2603 485 2633 ,
530 2546 686 2638 filas
735 2554 844 2641 qni
883 2548 1024 2642 spes
1152 2561 1332 2640 esque
1371 2553 1438 2616 in
1486 2569 1611 2617 uno
1652 2548 1959 2637 constituit
1993 2550 2131 2616 Do-

175 2648 327 2713 mino
366 2650 643 2738 Deoque,
662 2653 771 2739 qui
820 2663 1056 2717 terram
1077 2566 1191 2729 Οὲεἷ
1223 2668 1429 2737 ‹aquo-r
1462 2641 1740 2713 condidit
1766 2636 1857 2727 &³
1882 2639 2122 2725 Polum,

176 2732 258 2820 ἓξ
308 2740 606 2835 quicquid
661 2766 866 2835 aequor
926 2759 1216 2834 tmaque
1274 2745 1545 2810 continet
1612 2738 1950 2830 Polusqzqe:
2016 2745 2128 2829 qui

167 2834 440 2930 pivmffz
490 2842 741 2932 praestat
781 2893 802 2923 ‚
841 2856 1141 2932 perpetuo
1161 2835 1398 2926 stabilis
1442 2850 1667 2906 tenore.
1741 2832 2122 2931 “Adeoque

175 2940 424 3007 utnon
473 2932 654 3008 alius
698 2934 777 3007 in
818 2933 1156 3009 omnibus
1187 2928 1325 3003 illis
1349 2928 1371 3014 ’,-
1417 2951 1582 3028 quaa
1606 2928 1888 3003 homini
1953 2948 2124 3026 erga

174 3018 258 3098 O.
307 3025 411 3105 Μ.
458 3027 717 3107 Deum
752 3030 1185 3107 incumbunt
1208 3023 1474 3101 ‘officiis
1501 3046 1531 3112 ·,
1580 3023 2118 3119 sedulus=1nagis

174 3132 366 3219 atque
407 3123 711 3201 affiduus
739 3124 847 3212 fit‚·
896 3130 1118 3225 quam
1163 3126 1221 3197 is
1261 3121 1450 3222 ipse,
1495 3125 1622 3221 qui
1670 3145 1841 3198 cum
1886 3119 2117 3194 homo

172 3210 286 3302 fit,
333 3217 421 3295 se·
449 3221 525 3297 id
556 3221 778 3322 quod
815 3222 959 3307 est3
998 3219 1141 3297 effe
1223 3222 1854 3322 erpetuocogitat.
1941 3214 2118 3290 Pro-

174 3325 248 3386 ut
289 3338 459 3393 vero
488 3317 792 3394 ⁴salubris
824 3319 978 3395 haec
1017 3342 1135 3401 me
1190 3320 1429 3403 statio,
1479 3315 1601 3392 fax
1648 3313 1972 3413 quaedam
2010 3313 2149 3386 est,

176 3407 241 3480 ’ἃ
280 3409 594 3491 stimulus
636 3415 726 3491 ad
757 3418 1081 3491 animum
1128 3416 1456 3493 nostrum
1485 3411 1722 3488 versus
1753 3408 2004 3511 Deum
2019 3411 2116 3482 ri-

174 3514 238 3579 te
277 3510 834 3597 accendendum,
873 3509 969 3588 fic
998 3513 1250 3589 eadem
1291 3508 1508 3585 etiam
1531 3503 1986 3583 fortissimum
2006 3507 2119 3578 in-

172 3605 518 3685 centivum
542 3610 644 3686 est
665 3666 686 3697 ‚
715 3609 804 3689 ad
834 3606 1496 3783 praestangabdebita
1530 3606 1664 3683 tibi
1693 3606 1765 3680 δε
1803 3602 1953 3773 αΙῖὶίε
1985 3625 2114 3713 co-

204 3724 215 3732 “
346 3727 351 3743 ’
883 3722 899 3734 ”
1304 3722 1337 3792 3
1922 3722 2114 3777 oml-
