2590 4326
893 85 912 110 θ

784 139 794 152 Ι

784 166 949 275 ve·
1035 162 1164 271 >=(
1280 160 1422 268 aa
1481 245 1485 249 .
1978 104 2164 277 ³75*

175 306 347 322 Μ

152 317 332 426 *iilud
359 331 606 423 animo
649 346 898 422 nostro
953 341 1493 428 obversaretur,
1540 331 1693 418 fieri
1734 344 1943 423 facile
1964 351 2136 449 pos-,
2206 338 2212 354 '

165 441 226 523 se
253 503 272 533 ,
329 459 411 521 ut
445 458 587 520 atra
627 443 754 521 fati
787 442 939 518 dies
971 464 1111 518 nos
1159 437 1473 526 auferat,
1507 438 1909 542 funereque
1936 471 2132 523 acer-

164 543 258 620 bo
303 565 456 615 mer
508 554 627 627 at,
687 563 778 615 eo
834 536 1003 639 ipso'
1023 553 1457 623 momento,
1520 559 1673 636 quo
1716 543 1942 638 genio
1991 568 2133 620 no-
2265 549 2276 562 ‘

168 640 298 714 stro
366 640 443 712 in
495 637 831 735 ulgemus
880 692 902 723 ,
985 632 1381 710 cuticulam
1460 657 1792 711 curamus
1811 692 1834 725 ,
1896 644 2138 718 ‘carnis

170 733 673 833 cupiditatibus
720 733 1010 809 litamus
1043 787 1064 819 ,
1104 745 1317 807 natos
1349 732 1428 807 in
1478 728 1692 809 usum
1730 731 1991 815 laetitiae
2018 761 2138 815 ca·-

171 830 290 916 dos
323 829 664 929 siccamus
692 887 714 918 ,
767 843 1237 927 unguentum
1276 828 1353 904 δε
1415 850 1725 906 coronas
1770 833 2132 931 petimus,
2215 877 2218 882 >

170 926 339 1028 pede
406 925 645 1004 libero
716 925 1055 1004 tellurem
1145 922 1457 1003 ulsamus
1479 980 1502 1014 ‚
1550 926 1912 1024 pudendis
1945 932 2136 1027 invi-

172 1049 318 1110 cem
350 1025 647 1123 ignibus
674 1025 956 1101 urimur
986 1078 1009 1109 ,
1116 1021 1532 1099 eliramenta
1575 1023 1649 1101 &
1680 1048 1783 1100 nu
1835 1050 1912 1105 as
1953 1027 2140 1112 blat-¹

171 1123 395 1208 timUS,
423 1120 682 1197 aliasve
723 1121 1009 1196 facetias
1028 1118 1353 1208 facimu8,
1386 1142 1608 1219 quam
1638 1122 1788 1220 geli
1837 1145 1923 1200 us
1965 1148 2139 1226 pec-
2248 1189 2260 1208 ,

130 1243 133 1248 ·
174 1221 301 1297 cati
335 1218 620 1317 „horror
651 1275 673 1306 ,
732 1219 807 1294 &
858 1213 1193 1294 occultus
1235 1229 1517 1301 metus,
1570 1216 1864 1317 pectora
1914 1236 2142 1299 artus-

173 1338 253 1412 γε
297 1314 581 1390 nostros
653 1328 1106 1415 percurreret
1146 1367 1167 1398 ,
1228 1335 1470 1413 =quam
1520 1317 1732 1404 anxie
1776 1317 1992 1393 nobis
2047 1320 2138 1396 ab

174 1410 670 1508 hisjnralorum
739 1411 1238 1496 irritamentis,
1280 1406 1412 1485 sub
1452 1412 1715 1509 quibus
1756 1417 2013 1514 anguis
2062 1417 2141 1493 in

175 1503 378 1596 herba
434 1507 656 1595 latet,
719 1509 793 1583 δε
838 1509 1151 1619 peccatis
1185 1507 1405 1583 etiam
1458 1503 1623 1606 ipsis
1662 1532 2076 1593 caveremus
2110 1567 2152 1610 ,⁶

179 1629 379 1704 quam
413 1603 807 1703 diligenter
849 1604 926 1679 id
954 1603 1349 1680 faceremus
1367 1659 1388 1690 ,
1443 1604 1648 1776 guod
1688 1603 1958 1685 fastum
2002 1632 2144 1693 no-

177 1699 425 1780 viffime
471 1701 829 1784 vellemus
869 1698 901 1777 ⁴?
957 1699 1261 1795 Quanto
1329 1699 1438 1776 stu
1493 1703 1567 1779 io
1632 1698 1969 1782 rationes'
2003 1705 2144 1784 no'-
2213 1756 2219 1760 ι
2353 1784 2361 1800 ,

181 1793 330 1874 stra's
365 1791 704 1912 quotidie
772 1818 1416 1902 componeremus,
1482 1801 1556 1875 ὃς
1607 1803 1950 1880 omnibus
2005 1806 2143 1880 im-

183 1893 449 1999 mundis
527 1893 742 1990 hujus
796 1893 1055 1972 mundi
1092 1894 1374 1997 gaudiis
1415 1897 1489 1971 &
1531 1896 1863 1996 tripudiis
1904 1900 2141 2003 valere

181 1990 386 2087 justis,
441 2015 626 2070 cum
657 1991 1050 2069 Salomone
1113 1990 1338 2066 risum
1380 1989 1955 2085 inclamaremuS,
2001 2004 2147 2075 Sto·
2269 2085 2274 2094 f

182 2091 378 2171 liditas
408 2110 482 2165 tu
545 2115 637 2176 es,
679 2090 754 2165 &
802 2087 1153 2203 gaudium
1168 2110 1191 2181 ;
1243 2090 1402 2183 quid
1451 2090 1675 2181 infimis
1706 2095 1751 2166 ?
1820 2090 2153 2187 pestifera

183 2184 359 2263 And.
416 2188 530 2264 est
543 2200 825 2286 peccati
861 2183 992 2263 Vis
1029 2241 1049 2271 ,
1100 2182 1356 2277 Deum
1418 2182 1724 2286 turpiter
1762 2188 2073 2268 offendit
2120 2247 2143 2281 ,

181 2281 475 2382 gloriam
566 2281 782 2385 ipfius
873 2280 1072 2359 laedit
1109 2338 1132 2369 ,
1189 2282 1372 2358 iram
1452 2282 1821 2373 accendit,
1892 2311 2154 2389 pacem

184 2379 632 2459 conscientiae
667 2380 958 2465 turbat,
1018 2377 1211 2455 fidei'
1244 2381 1651 2474 πληςιφοριάιν
1696 2384 1771 2459 &
1814 2386 2153 2481 παρρησίαν

189 2477 369 2554 tollit
396 2535 417 2565 ,
469 2476 832 2580 gaudium
863 2472 1098 2553 salutis
1133 2473 1386 2552 adimit
1411 2535 1432 2564 ,
1486 2475 1837 2579 Spiritum
1909 2484 2158 2583 gratiae

194 2576 551 2653 contristat
596 2630 617 2660 ,
680 2577 906 2650 vitam
951 2571 1389 2673 spiritualem
1448 2576 1820 2654 imminuit
1844 2635 1866 2666 ,
1934 2578 2155 2656 vehe-

193 2687 504 2767 mentem
546 2670 938 2772 aliquando
996 2672 1250 2746 animae
1283 2671 1363 2745 in
1406 2673 1431 2746 i
1484 2668 1570 2746 fis
1604 2677 1949 2773 regenitis
1989 2675 2158 2774 syn,-

194 2772 446 2868 copen,
500 2771 582 2846 &
623 2793 663 2844 a
696 2766 938 2867 gelida
976 2780 1216 2845 morte
1255 2768 1382 2842 vix
1451 2781 1651 2844 atum
1693 2792 2029 2871 unguem·
2054 2773 2166 2849 di-

186 2864 432 2944 'stantia
479 2864 804 2964 deliquia
853 2861 1171 2949 inducit,
1216 2863 1291 2938 δε
1339 2863 1544 2962 quod
1585 2864 1823 2944 dicere
1865 2868 2164 2946 tandem

180 2985 394 3047 ,mens
462 2962 722 3039 horret
780 2962 854 3035 &
884 2957 1083 3035 luctu
1112 2959 1263 3035 fere
1298 2959 1615 3070 refugit,
1653 2978 2038 3067 peccatum
2088 2966 2166 3041 &

194 3058 219 3139 i
269 3057 421 3137 sum
467 3057 656 3135 illud
716 3057 853 3145 est,
946 3055 1151 3157 quod
1226 3050 1411 3133 Orci
1471 3060 1710 3143 fauces
1765 3060 1840 3134 ὃς
1898 3059 2169 3137 ‘Averni
2289 3082 2292 3085 ·

194 3081 485 3254 igecum
521 3152 778 3267 pandit
803 3209 824 3239 ,
889 3167 1104 3253 atque
1140 3146 1364 3251 ipsam
1412 3166 1731 3230 mortem
1761 3156 1953 3233 iratis
1988 3179 2169 3233 con-

197 3264 299 3327 tra
325 3278 463 3329 nos
502 3250 930 3328 fulminibus
962 3262 1204 3325 armat.
1306 3251 1567 3324 Aculeus‘
1607 3255 1823 3325 mortis
1844 3271 2169 3348 peccatum

196 3354 267 3442 ψ
306 3406 325 3435 ,
371 3347 637 3425 Paulus
689 3349 803 3422 ait.
905 3344 972 3423 Is
1038 3343 1349 3444 proinde
1383 3344 1637 3438 horret
1725 3348 1800 3422 &
1842 3347 2166 3448 quidem

198 3440 458 3521 merito
496 3444 576 3520 &
609 3442 798 3519 solus
834 3458 1154 3519 mortem
1181 3496 1202 3528 ,
1259 3444 1404 3542 qui,
1439 3440 1954 3519 conscientiam
1999 3467 2173 3544 pec-
2238 3530 2243 3535 ‚

198 3544 334 3629 cati
361 3541 606 3617 habet.
705 3536 809 3617 Hi
848 3538 1014 3615 sunt
1087 3540 1217 3649 qui
1267 3536 1633 3637 trepidant
1670 3538 1871 3615 &ad
1922 3541 2172 3623 omnia

201 3634 489 3742 fulgura
556 3635 829 3738 pallent
851 3691 874 3724 ,
921 3653 1287 3714 examines
1377 3634 1566 3712 rimo
1609 3637 1908 3737 quoque
1972 3659 2172 3712 mur-
2305 3718 2310 3725 ,

1247 3725 1304 3805 Β
1964 3755 2175 3814 mure
