2590 4326
453 114 612 213 548
1017 106 1765 220 ’ἓκκίῖθ

445 308 614 463 fian
652 289 738 401 in·
774 286 1017 364 lucem
1054 287 1339 402 edidit,
1398 249 1942 401 hujus-Batonis
2001 298 2110 384 Jo.
2160 292 2441 395 Philippi
2506 268 2507 307 ³

528 386 879 462 ononbus
901 385 976 461 δε
1007 384 1292 464 Meritis
1328 384 1783 463 dedlcavent.
1898 472 1899 475 a

1376 572 1498 658 IX

546 672 834 778 Tiguro
870 697 965 755 ex
1021 674 1350 756 Consilio
1405 678 1669 778 optimi
1717 672 2035 755 Parentis
2062 677 2443 761 discedens

447 769 893 855 Lausannm
932 773 1035 867 est
1064 775 1453 874 profectus,
1499 777 1578 850 in
1614 776 1818 872 cujus
1862 774 2141 857 celebri-
2160 780 2432 858 Acade-

443 877 588 949 mia
620 889 874 972 praeter
930 870 1302 948 Sermonis
1337 871 1544 948 latini
1587 873 1663 948 &
1694 874 1937 971 graeci
1972 879 2414 965 exercitium,

446 969 799 1048 Gallicam
883 968 1226 1046 addidicit
1308 969 1411 1044 lin
1640 1026 1656 1044 .
1755 968 1879 1046 At·
1916 993 2076 1046 non
2139 972 2268 1048 diu
2320 977 2415 1051 ibi

441 1068 1054 1152 commorabatur,
1062 1063 1413 1165 quoniam
1513 1069 1792 1141 irorum
1808 1069 2276 1165 quorundam
2294 1095 2423 1171 op-

443 1167 798 1240 timorum
839 1166 863 1239 i
917 1161 969 1239 fi
1009 1164 1196 1239 bene
1218 1162 1620 1240 faventium
1656 1186 1704 1239 o
1762 1186 1900 1250 era,
1939 1166 2218 1263 primus
2240 1172 2313 1243 ei
2342 1169 2431 1247 ad

445 1257 885 1339 CHRISTO
943 1254 1201 1338 HORI
1232 1259 1582 1359 Principis
1621 1256 1677 1336 P
1747 1262 1944 1347 atini,
1984 1277 2199 1360 atque
2235 1267 2423 1343 adeo

388 1432 392 1436 ,
442 1359 535 1434 ad
575 1361 800 1435 totius
848 1358 1037 1434 illius
1070 1354 1536 1439 illustrissimae
1580 1351 1893 1433 Familiae
1916 1414 1936 1443 ,
1980 1381 2141 1458 quae
2175 1364 2244 1435 ei
2289 1388 2429 1461 po-

440 1456 583 1531 stea
625 1457 950 1549 maximo
990 1453 1268 1553 semper
1302 1453 1443 1531 fuit
1486 1450 1642 1528 usui
1677 1508 1699 1540 ,
1776 1454 2109 1531 notitiam
2147 1460 2219 1533 δε
2261 1485 2428 1558 gra.

440 1556 616 1628 tiam
666 1610 686 1639 ,
763 1553 993 1629 aditus
1057 1551 1196 1627 fuit
1268 1548 1675 1650 patefactus,
1790 1549 1985 1627 Nam
2060 1553 2428 1634 illustr-issi.

440 1672 603 1727 mus
643 1648 766 1725 hic
851 1647 1108 1725 Prince
1162 1673 1194 1722 s
1268 1646 1505 1721 Othone
1553 1647 1634 1719 ab
1708 1653 1953 1721 waen
1998 1645 2181 1727 Viro
2261 1652 2431 1731 Do-

444 1742 741 1822 &iffimo
774 1742 1076 1821 suorum
1102 1672 1507 1837 Rudiorum
1534 1765 1972 1845 morumque
1988 1745 2421 1828 Moderato-

439 1865 516 1934 re
542 1857 751 1917 utens
773 1898 794 1928 ‚
839 1856 1019 1918 tunc
1058 1842 1410 1940 temporis
1457 1838 1777 1916 Genevae
1819 1843 2099 1940 pietatis
2146 1845 2417 1926 studio-

433 1959 693 2015 rumve
727 1938 928 2016 causa
969 1939 1058 2014 de
1116 1940 1314 2023 ebat,
1361 1939 1494 2037 qui
1526 1927 1887 2014 Batonem
1928 1940 2262 2019 nostrum
2335 1949 2411 2022 in

438 2037 873 2137 comitatum
916 2061 999 2113 ac
1125 2036 1518 2111 inisterium
1548 2032 1759 2109 suum
1785 2039 2058 2136 recepit
2081 2095 2103 2125 ,
2174 2039 2410 2117 illum.

436 2156 583 2234 que
649 2134 775 2211 diu
810 2132 1210 2210 admodum
1244 2134 1321 2210 &
1364 2133 1965 2232 peregrinationis
2010 2135 2082 2212 ὃς
2142 2136 2417 2218 studio*

432 2252 602 2308 rum·
654 2231 951 2308 suorum
1019 2230 1321 2308 Socium
1405 2229 1568 2304 sane
1609 2223 2085 2316 fideliffnnum
2135 2234 2410 2316 habuit.

434 2324 876 2429 Exoptatam
917 2332 1136 2428 proin
1203 2327 1393 2408 hanc
1445 2321 1904 2403 occafionem
1949 2327 2197 2408 divino
2255 2357 2429 2412 mu-·

433 2447 606 2501 nere
650 2426 894 2502 nactus
935 2425 1203 2525 absque
1236 2423 1565 2501 ulteriori
1615 2447 1821 2500 mora
1881 2422 2266 2507 Genevam
2302 2456 2421 2510 ce·-

434 2522 634 2598 lebre
668 2520 848 2599 illud
885 2518 1321 2599 Litterarum
1344 2517 1781 2620 Emporium
1858 2520 2420 2619 roficiscebatur,

436 2619 685 2730 inique
727 2642 884 2695 non
918 2618 1154 2694 solum
1199 2614 1632 2715 Philologiae
1689 2619 1764 2693 ἃ
1864 2621 2094 2698 itteris
2133 2619 2427 2705 Huma-

291 2718 302 2736 ⁷
436 2716 788 2803 moribus,
812 2739 1067 2791 verum
1110 2717 1327 2792 etiam
1354 2710 1791 2814 Theologiae
1830 2714 2058 2794 Sacrae
2092 2720 2426 2801 sedulam

439 2809 642 2889 dedit
672 2836 1005 2919 operam,
1044 2814 1120 2889 ὃς
1174 2826 1562 2912 propterea
1609 2809 1881 2914 linguae
1939 2837 2247 2920 quoque
2287 2819 2424 2898 he-

442 2909 645 2988 braeae
698 2911 933 3011 prima
966 2908 1323 2987 elementa
1363 2907 1633 2986 didicit.
1856 2985 1865 2988 ,

1395 3069 1497 3154 Χ.

532 3235 868 3319 Tandem
910 3262 1089 3318 vero
1128 3236 1212 3317 A.
1267 3261 1301 3313 1
1318 3250 1475 3333 568.
1531 3240 1556 3316 i
1604 3238 1676 3318 se
1701 3262 1836 3316 ceu
1873 3236 2187 3321 Achates
2249 3268 2422 3327 cum

424 3331 898 3416 ‘Hlustrifl‘mio
939 3335 1272 3437 Principe
1315 3331 1556 3416 CHRI
1607 3332 2116 3417 TOPHORO
2166 3338 2421 3425 Gene-

369 3527 374 3531 .
433 3456 521 3509 va
565 3439 643 3512 in
698 3432 1158 3511 Germaniam
1201 3435 1276 3509 ἃ
1326 3432 2066 3532 Heidelbergamiter
2154 3463 2424 3526 romo-

433 3530 572 3632 vit,⁴
614 3533 691 3611 &
730 3528 1174 3632 aliquamdiu
1220 3532 1300 3606 in
1328 3530 1513 3609 Aula
1570 3529 1882 3611 Palatina
1908 3530 2042 3635 ipfi
2181 3540 2424 3715 εεὲὶὲΙῐί
