2590 4326
369 127 553 269 [366
1133 149 1140 156 ²·
1184 122 1326 229 *e
1402 120 1512 223 κ(
1582 118 1723 227 &a
1866 179 1872 186 ›

389 263 653 287 ff

391 319 461 386 in
501 335 598 382 me
678 306 877 380 credit
932 310 1273 377 moritum
1318 309 1505 375 etiam
1571 309 1751 373 vivet
1786 356 1812 387 ,
1867 299 1960 388 δέ)
2024 311 2371 398 quicunque

392 414 565 479 vivit
589 459 610 490 ,
676 422 864 496 atque
907 407 975 473 in
1013 426 1108 471 me
1148 397 1348 472 credit
1378 453 1398 484 ,
1461 406 1529 470 in
1570 399 1846 488 fieculum
1882 425 2011 472 non
2044 407 2370 475 morietur.

392 502 629 580 Novit
671 556 690 585 ‚
758 495 992 574 solum
1030 493 1229 572 hunc
1261 495 1430 571 vitae
1488 482 1750 570 ducem
1769 551 1788 581 ,
1847 493 2116 572 fastum
2164 493 2373 572 fuiffe

277 679 300 690 N
397 598 659 678 mortis
700 607 1035 672 mortem.
1134 587 1477 669 Huncin
1562 614 1774 668 cruce
1828 590 2229 682 exaltatum
2303 594 2374 668 &

402 697 890 772 exanimatum
918 688 1306 789 serpentini
1340 685 1613 785 Capitis
1665 686 1913 776 (liceat
1938 689 2049 763 >ita
2095 686 2375 783 dicere)

401 792 883 869 contritorem
907 842 928 873 ,
980 782 1323 861 lethalem
1402 782 1602 860 hunc
1641 783 2033 861 draconem
2082 808 2373 863 veneno

333 897 334 902 '
401 887 535 967 suo
592 881 857 963 exuiffe
880 939 901 969 ,
932 896 1145 981 atque
1203 879 1537 957 crabroni
1572 878 1744 957 huic
1788 879 2120 957 aculeum
2149 896 2377 957 extra·
2506 953 2507 958 Ν

403 980 598 1064 xiffe.
699 979 956 1057 Solum
997 977 1197 1054 hunc
1245 978 1410 1054 vitae
1450 979 1787 1088 perennis
1811 978 2098 1054 fontem
2156 976 2378 1076 ipsam

407 1078 624 1193 Lethi
655 1078 869 1162 viam,
890 1075 966 1150 in
999 1074 1247 1151 laetum
1280 1072 1372 1184 ad
1410 1087 1632 1149 vltam
1677 1099 1833 1151 non
1857 1074 2379 1151 terminandam

410 1170 1236 1383 ιῐίιῗὲπὲῗηξεοῗὲῗῗπὲ
1272 1168 2380 1380 ῗᾷηέἓῖἓζᾶἐῖἒῗὲἐῗξιῗέῗᾷζ

442 1369 534 1446 ed
563 1382 773 1445 novrt
806 1363 963 1442 msu
1018 1387 1094 1440 er
1126 1419 1148 1450 ‚
1195 1360 1562 1440 Christum
1599 1359 1843 1463 Jesum
1871 1363 2018 1440 hoc
2037 1387 2211 1462 qulc
2266 1362 2381 1439 uid

415 1453 519 1544 est
550 1459 881 1543 beneficii
1067 1458 1304 1538 salutis
1320 1515 1342 1546 ,
1399 1483 1555 1536 non
1589 1457 1969 1559 praestitiffe
1994 1459 2127 1535 nifi
2162 1458 2213 1536 fi
2269 1460 2384 1536 eli-
2514 1451 2515 1460 ‘

417 1565 555 1640 bus
599 1559 759 1652 suis,
860 1555 1094 1634 Novit
1148 1556 1475 1634 'ustitiam
1512 1557 1585 1634 &
1622 1559 1965 1634 meritum
1995 1556 2227 1635 divini
2258 1558 2386 1633 hu-
2516 1561 2517 1570 '

416 1662 529 1757 jus
563 1655 1030 1755 Sospitatoris
1057 1652 1105 1732 fi
1158 1677 1195 1727 e
1220 1676 1425 1739 vera,
1461 1651 1537 1726 id
1580 1653 1700 1739 est,
1733 1651 2207 1730 ardentissima
2233 1654 2387 1729 illo-

416 1779 584 1833 rum
625 1752 811 1833 fame
845 1748 952 1826 siti
1002 1773 1097 1824 ue
1135 1747 1342 1824 firme
1385 1748 1820 1849 apprehensa
1850 1805 1871 1836 ,
1955 1749 2136 1826 illud
2178 1754 2383 1826 unice
2518 1721 2519 1748 ³

422 1847 559 1930 effe
589 1908 609 1937 ,
676 1867 828 1949 quo
869 1849 969 1922 mi
1040 1843 1276 1921 rabilis
1324 1859 1663 1943 peccator
1687 1902 1707 1933 ,
1749 1867 1905 1923 non
1942 1847 2174 1923 modo
2196 1871 2387 1923 mor·
2520 1849 2521 1860 '

421 1951 514 2024 tis
562 1944 688 2038 sed
746 1946 902 2021 orci
963 1944 1177 2019 etiam
1204 1941 1312 2016 nil
1350 1939 1738 2018 miserantis
1789 1943 2116 2043 alioquin
2150 1946 2387 2043 piacu-'

423 2044 589 2121 laris
633 2041 949 2119 Victima
986 2095 1007 2125 ,
1046 2041 1120 2114 in
1159 2037 1432 2134 judicio
1533 2039 1686 2115 uod
1725 2053 2039 2117 mortem
2090 2040 2393 2139 insequi-

424 2153 567 2228 tur,
609 2135 1000 2241 subsrstere,
1050 2150 1262 2235 atque
1314 2158 1409 2212 ex
1450 2137 1463 2151 ⁰
1525 2160 1572 2212 o
1620 2138 1965 2214 immunis
2015 2140 2212 2216 exire
2239 2195 2259 2224 ‚
2324 2138 2391 2212 δε

429 2236 849 2317 mortalitati
912 2234 1116 2309 onmi
1191 2229 1573 2311 subdustus
1608 2289 1627 2318 ,
1725 2235 1947 2311 beatae
1987 2236 2397 2312 aeternitatis

432 2332 873 2411 Candidatus
906 2327 1199 2417 evadere
1235 2342 1471 2427 queat.
1573 2328 1777 2421 Quid
1812 2355 1993 2409 vero
2014 2332 2183 2410 haec
2222 2355 2395 2430 cog-

214 2503 218 2507 .
430 2433 614 2508 nitio
667 2427 902 2521 juncta
944 2422 1225 2499 devotae
1268 2437 1484 2522 atque
1535 2424 1722 2504 seriae
1752 2428 2212 2506 mortalitatis
2250 2452 2401 2504 me·
2520 2442 2525 2449 ·

309 2546 310 2551 ‘
433 2525 798 2610 ditationi‚
834 2519 1217 2597 accedente
1272 2521 1777 2621 omnipotente
1835 2522 1984 2601 Dei
2019 2528 2246 2624 gratia
2273 2583 2297 2612 ‚
2326 2526 2398 2600 in
2524 2554 2525 2569 ¹

430 2621 733 2703 homine
760 2619 889 2699 cui
979 2639 1137 2699 non
1190 2614 1426 2692 ferum
1476 2633 1599 2694 aut
1662 2620 1974 2734 ferreum
1994 2621 2224 2721 >plane
2279 2646 2404 2721 pe.

435 2717 585 2795 stus
618 2717 718 2792 est
747 2772 767 2802 ‚
820 2715 894 2788 δε
941 2737 1032 2788 aes
1056 2715 1240 2788 circa
1277 2711 1457 2788 illud
1499 2714 1762 2815 triplex
1783 2773 1804 2803 ‚
1868 2718 2059 2797 ahud
2093 2722 2403 2795 excitare
2522 2744 2525 2755 ·

435 2839 475 2890 a
527 2827 600 2889 ta
637 2813 737 2888 est
786 2868 808 2897 ‚
868 2814 1087 2908 quam
1154 2807 1393 2897 fidem,
1452 2833 1666 2909 quam
1733 2814 2027 2891 aestuans
2111 2815 2405 2919 aliquod

503 2908 700 2984 hristi
732 2906 1045 2988 Domini
1079 2904 1268 2982 illius
1293 2963 1319 2992 ,
1391 2911 1513 3006 qui
1550 2932 1643 2984 ex
1715 2912 1950 2987 media
1994 2928 2239 2988 morte
2279 2915 2408 2987 eri-

435 3009 598 3108 pit,'
625 3003 1048 3081 defiderium
1091 3001 1122 3077 ?
1170 3003 1429 3079 Anima
1473 3019 1669 3081 certe
1711 3005 2131 3102 hujusmodi
2166 3008 2404 3083 homi-

437 3105 585 3188 nis,
633 3126 789 3183 non
826 3097 1027 3174 aliter
1082 3099 1321 3196 potest
1388 3124 1606 3198 quam
1673 3101 1971 3201 flagrare
2017 3128 2063 3178 v
2106 3104 2406 3182 hemen-

436 3197 701 3276 tiffim'o
742 3193 1060 3311 quodam
1097 3194 1286 3271 illius
1350 3220 1595 3274 amore
1616 3255 1642 3285 ,
1710 3200 1784 3275 δι
1825 3200 2070 3279 inarde
2100 3226 2269 3280 cere
2300 3201 2409 3276 lu-

436 3295 742 3379 culentis
767 3293 957 3371 illius
986 3291 1278 3389 ignibus
1301 3349 1322 3378 2
1359 3316 1578 3392 quam
1622 3294 1824 3394 paffis
1872 3296 2174 3374 brachiis
2226 3296 2296 3373 se
2332 3302 2403 3371 in

439 3390 648 3469 illum
686 3393 974 3488 injicere
992 3441 1013 3472 ‚
1057 3389 1133 3462 δε
1169 3390 1377 3463 cubito
1402 3391 1544 3481 fito,
1599 3393 1801 3491 quod
1838 3392 2088 3492 sponsa
2128 3397 2209 3469 in
2225 3393 2411 3472 Can-

437 3488 596 3564 tico
620 3486 710 3573 de
763 3487 831 3564 se
866 3482 1154 3565 testatur
1167 3540 1190 3572 ‚
1241 3494 1313 3561 in
1344 3489 1517 3562 idum
1542 3489 1808 3565 dulmer
1843 3491 2164 3580 recubare,
2195 3512 2410 3665 qumsn
