2590 4326
848 126 990 234 V&
1097 123 1243 231 Β(
1351 125 1491 231 ἒᾶ
2034 152 2206 236 401.

1544 262 1866 291 ..ψ-...Ῥ-

208 305 469 385 tundis
492 318 855 383 mutamus
874 359 895 392 ,
940 302 1265 402 algemus
1284 360 1307 390 ‚
1327 303 1656 383 sudamus
1679 362 1698 393 ,
1727 306 2158 396 dimicamus
2175 371 2197 398 ‚

211 400 421 505 quafi
461 426 619 479 non
658 400 748 478 ad
786 399 1222 477 hodiernam
1257 400 1384 477 fati
1433 401 1677 500 legem
1723 402 1841 482 sed
1869 405 1957 483 ad
1991 407 2204 507 prisci

217 499 357 578 aevi
398 497 666 585 secula,
753 520 891 576 nos
932 496 1244 573 victuros
1308 498 1769 594 arbitremur,
1813 503 1966 581 imo
2007 504 2204 617 quast

213 597 403 675 dura
441 594 532 672 de
580 595 848 673 robore
889 595 1038 670 nati
1074 649 1094 680 ,
1165 594 1239 669 &
1282 593 1359 672 in
1405 593 1542 671 hac
1592 594 1734 694 ipsa
1772 599 2205 677 mortahtate

218 692 673 773 immortales
737 687 1056 767 essemus,
1179 689 1387 782 Quid
1456 705 1697 769 autem
1736 692 1872 771 hac
1933 720 2008 772 re
2051 696 2207 774 fieri

217 789 724 890 impudentius
747 843 766 874 ,
815 785 989 888 quid
1035 785 1312 863 stultius
1349 789 1586 886 potest
1626 789 1657 863 ἱ)
1710 785 1785 868 O
1823 805 2034 868 vanas
2063 792 2183 869 ho·

216 891 512 965 minum
553 897 869 971 mentes,
905 907 953 960 o
1022 882 1259 962 eclora
1305 885 1555 961 coeca!
1605 882 1752 964 Hic
1791 887 2205 967 calamitatis

219 984 486 1061 nostrae
519 981 792 1057 fundus
822 981 941 1068 est,
1037 982 1158 1058 inc
1178 979 1318 1058 111ae
1345 979 1738 1083 Lacrymae,
1758 982 1930 1060 hinc
1949 984 2209 1086 deplo-

216 1079 448 1158 randa
520 1077 641 1155 illa
700 1085 1014 1156 morum
1058 1078 1132 1154 δε
1198 1092 1620 1178 temporum
1663 1079 2198 1160 consceleratio.

220 1171 588 1257 Reservati
631 1172 896 1263 sumuS,
914 1198 1177 1251 necare
1214 1172 1366 1252 hoc
1413 1200 1638 1253 nemo
1678 1175 1873 1264 auslt,
1911 1181 1988 1256 in
2019 1195 2209 1257 tem-

204 1296 502 1388 -porum
580 1270 944 1370 quandam
1007 1237 1377 1350 Tentinam.
1527 1270 1613 1348 In
1698 1271 1870 1352 faece
1963 1300 2208 1353 rerum

208 1394 374 1468 -Jam
404 1371 686 1447 vivitur.
786 1365 1287 1448 Dominantur
1326 1370 1521 1453 vitia,
1557 1367 1643 1444 fri
1700 1384 1773 1447 et
1861 1372 2199 1460 ietas‚sae-

206 1469 440 1557 -viunt
478 1463 685 1551 bella,
717 1464 959 1542 exulat
978 1465 1260 1561 justitia,
1336 1461 1621 1543 rassatur
1687 1467 1785 1546 ibi
1840 1492 1908 1544 0.
1964 1468 2204 1547 Num-

207 1586 394 1660 ‚mus
424 1560 725 1639 Numen
785 1561 908 1647 est,
963 1558 1230 1638 utilitas
1328 1561 1568 1661 eligio.
1671 1562 1951 1644 Scelera
1998 1565 2202 1646 dem·
2271 1561 2284 1576 “

225 1675 312 1738 to
364 1657 507 1735 fine
556 1682 685 1760 per
731 1656 1018 1736 cunctas
1042 1654 1346 1736 Domos
1380 1673 1579 1746 eunt,
1629 1684 1768 1737 nec
1823 1662 2056 1758 ullum
2092 1687 2210 1741 ca·-

225 1770 344 1840 ret
404 1753 748 1855 exemplo
814 1753 1071 1833 nefa8.·
1139 1753 1529 1834 Συκοφάνπιι
1607 1754 1848 1835 sumus
1917 1764 2036 1827 τῶν
2079 1761 2212 1829 ὀνο.-

228 1850 481 1942 ydra-v.
531 1853 607 1929 &
660 1850 1029 1936 σ’ρθοδοζίας
1055 1851 1354 1951 quidem
1388 1853 1768 1943 ὁπέρμαιχοι,
1788 1853 1910 1933 sed
1946 1858 2020 1933 &
2051 1881 2208 1934 non

229 1963 550 2030 rarenter
592 1944 938 2042 ὄρθοζωίαις
984 1949 1352 2037 impexos.
1420 1947 1794 2038 -Breviter,
1818 1956 2050 2052 gemit
2082 1953 2209 2032 sub

240 2046 593 2125 scelerum
616 2043 944 2149 pondere
981 2044 1198 2133 orbis,
1249 2047 1324 2121 &
1361 2044 1632 2124 solutus
1666 2063 1965 2148 vagatur
1995 2051 2209 2128 instar

231 2145 610 2223 frementis
659 2140 926 2223 Leonis
963 2139 1320 2221 SathanaS.
1423 2141 1750 2223 Graviter
1782 2145 1970 2244 jacet
1984 2144 2214 2226 Scho-

232 2241 306 2323 la
324 2299 346 2330 ‚
382 2240 679 2340 languet
705 2236 1033 2327 Ecclesia,
1056 2262 1228 2319 cum
1257 2238 1629 2320 noviffima
1660 2242 2069 2321 valetudine
2091 2302 2111 2331 ‚
2150 2243 2203 2321 fi

235 2362 399 2416 non
431 2362 601 2414 cum
656 2352 974 2414 extrema
1058 2360 1193 2413 ene
1246 2341 1483 2414 anima
1519 2339 1593 2416 δι
1632 2337 1897 2418 ultimo
1938 2339 1985 2418 S
2043 2343 2210 2419 iritu

235 2433 692 2515 conflictatur
758 2434 835 2509 Sc
923 2456 1013 2511 co
1073 2432 1349 2511 uelatur
1444 2432 1896 2536 Respublica.
2068 2437 2213 2517 nde

237 2557 421 2610 vero
455 2531 619 2616 haec,
650 2529 1014 2610 malorum
1043 2526 1279 2609 Lerna
1329 2532 1405 2608 δε
1470 2529 1679 2608 Ilias?
1727 2529 2058 2611 Profecto
2098 2533 2216 2612 vel

238 2631 562 2715 maxime
618 2627 788 2704 inde
814 2683 833 2713 ,
944 2625 1096 2703 uod
1128 2628 1574 2706 mortalitatis
1618 2630 1692 2704 δε
1742 2654 1914 2709 cum
1954 2630 2087 2711 hac
2124 2655 2218 2709 aea

275 2726 617 2811 ernitatis,
647 2722 864 2810 Coeli,
1003 2724 1177 2811 erni,
1205 2723 1467 2805 futurae
1518 2724 2072 2805 Resurrectionis
2125 2730 2201 2805 Sc

236 2741 535 2997 ΔΞιὲιάἰςιίἰ,
581 2823 656 2898 8(
688 2821 866 2897 hinc
911 2818 1090 2920 quid
1126 2821 1396 2897 mirum
1447 2824 1662 2898 etiam
1693 2821 1863 2912 Dei,
1901 2823 2212 2914 Christi,

222 2996 229 3001 ,
366 2918 606 2996 omnis
635 2919 938 3004 virtutis,
966 2915 1134 2991 fidei
1173 2930 1385 3016 atque
1411 2914 1631 2995 officii
1656 2976 1675 3006 ,
1722 2924 2212 3020 cogitationes

243 3017 339 3094 de
397 3017 711 3102 onimus,
742 3016 1001 3092 &tam
1028 3026 1146 3089 tur
1198 3015 1334 3089 iter
1365 3012 1933 3095 dememinimus,
1983 3016 2217 3113 Quod

244 3111 301 3190 fi
336 3041 636 3193 filorum
662 3105 1056 3188 meminisse
1081 3036 1340 3223 figeret
1376 3112 1455 3202 iu
1492 3111 1897 3209 posterum,
1934 3115 2010 3189 &
2058 3119 2219 3215 qui-

247 3209 424 3288 dem
446 3224 599 3291 tam
650 3208 912 3286 devote
952 3263 973 3294 ‚
1029 3211 1129 3309 &q
1151 3204 1334 3283 seno
1351 3264 1372 3295 ‚
1431 3208 1505 3285 δε
1560 3206 1996 3310 frequenter,
2045 3234 2219 3311 pro-

245 3320 335 3389 ut
367 3305 550 3386 illud
584 3307 740 3401 jure
770 3303 1053 3382 summo
1083 3327 1123 3378 a
1168 3303 1380 3380 nobis
1433 3304 1746 3404 postulat
1780 3308 1856 3382 &
1884 3309 2220 3386 naturalis

245 3406 438 3490 ratio
476 3405 551 3479 δε
585 3400 979 3481 Christiana
1023 3396 1184 3478 Reli
1246 3402 1340 3487 'o‚
1388 3398 1441 3480 fi
1474 3425 1629 3478 non
1664 3402 1859 3479 aliud
1913 3401 2224 3486 somnia·

246 3524 495 3579 remus
536 3498 759 3576 noctu
781 3555 804 3586 ,
858 3520 1015 3572 non
1055 3494 1198 3571 aliu
1289 3499 1774 3596 cogitaremus
1827 3500 2144 3581 interdiu
2192 3557 2216 3590 ,

242 3597 300 3683 fi
336 3594 547 3707 quod
596 3590 748 3673 fieri
782 3615 910 3701 par
953 3588 1053 3672 est
1075 3647 1099 3684 ,
1148 3605 1305 3673 tota
1398 3616 1576 3697 ergo
1606 3597 1751 3679 vita
1791 3593 2221 3698 disceremus

1285 3773 1288 3775 Α
2061 3718 2228 3777 mo-
