2590 4326
463 131 627 221 384
1103 122 1248 228 ἐκ
1334 122 1495 251 M(
1606 113 1749 227 ἑκ

455 304 691 380 festim
714 304 806 383 de
821 320 1068 382 mente
1094 326 1399 380 omnem
1429 324 1810 376 rancorem
1858 304 2180 378 excutiat
2210 303 2442 389 offem
2494 372 2497 373 f

456 399 838 503 satumque
896 402 1388 502 acerbitatem,
1402 396 1772 497 deponat?
1824 396 2041 474 Certe
2089 398 2441 483 fulminea

456 496 614 575 haec
651 497 986 577 machina
1012 499 1147 584 est,
1249 519 1364 572 uae
1388 497 1638 573 omnia
1679 492 2007 575 vindic‘lae
2031 494 2436 586 molimina,

457 619 633 671 cum
673 598 794 672 irae
821 599 1037 673 etiam
1073 619 1206 673 cau
1235 617 1292 669 ae
1324 591 1569 669 forent
1592 589 1989 687 justiffimae‚
2028 591 2340 681 discutit,
2367 597 2440 679 &

455 715 595 768 nos
667 692 759 769 ad
833 693 1173 794 quaelibet
1208 687 1653 791 quibuslibet
1699 688 2138 786 ignoscenda
2173 705 2441 789 poten-

454 786 711 866 tiffime
756 792 946 889 rapit
963 846 984 876 ‚
1019 797 1095 870 ὅ(
1137 785 1615 864 adamantinis
1669 782 1865 884 quafi
1901 785 2211 862 vinculis
2259 811 2439 864 con-

457 883 760 986 stringit.
863 886 1052 980 Quis
1079 887 1427 984 cogitare*
1491 880 1676 958 otest
1704 880 1773 957 se
1806 879 1943 959 effe
1994 883 2388 965 mortalem
2407 938 2429 974 ,

409 1036 417 1045 .
455 983 532 1056 δε
580 982 830 1060 fovere
875 986 1144 1068 animo,
1183 995 1401 1081 atque
1471 1002 1687 1056 ecum
1720 979 2275 1058 condormitum
2305 982 2436 1058 du-'

456 1102 641 1167 cere,
673 1080 810 1155 iras
838 1075 1346 1157 immortales?
1399 1074 1589 1169 Quis
1632 1078 2092 1155 committere
2111 1133 2135 1164 ,
2186 1092 2275 1155 ut
2332 1078 2433 1156 sol

407 1256 412 1261 ,
452 1190 823 1275 mergatur
876 1176 1089 1276 super
1132 1173 1717 1252 excandescentia
1764 1171 1886 1248 sua
1911 1227 1934 1260 ,
2022 1176 2151 1273 qui
2206 1198 2435 1253 caecus

451 1270 682 1349 futuri
746 1272 838 1349 de
883 1274 1193 1351 crastino
1235 1271 1384 1348 sole
1419 1267 1723 1345 fidenter
1755 1269 2049 1369 gloriari
2094 1295 2190 1349 ne
2247 1276 2361 1349 uit
2402 1273 2429 1350 ἱ)

455 1361 674 1446 Certe
706 1367 1019 1482 legimus
1062 1369 1154 1447 de
1191 1367 1552 1445 veteribus
1590 1363 2089 1465 Pythagoricis
2115 1423 2137 1453 ‚
2186 1371 2201 1385 '
2264 1392 2353 1446 os
2384 1369 2429 1445 fi

451 1465 752 1564 quando
797 1469 956 1543 rrati
997 1467 1088 1544 ad
1122 1479 1379 1542 mutua
1407 1464 1739 1539 convicia
1770 1461 2259 1561 proceffiffent
2286 1469 2424 1561 argi·

449 1566 485 1637 ἥ
532 1563 631 1630 τε,
659 1563 823 1637 ἥλιον
873 1562 1048 1632 δῦναι
1083 1617 1107 1654 ,
1178 1576 1345 1639 ante
1397 1582 1570 1636 uam
1628 1559 1734 1636 sol
1776 1561 2117 1637 occiduas
2150 1586 2431 1662 pronus

455 1660 816 1736 festinaret
849 1660 939 1737 ad
981 1658 1211 1736 undas
1238 1715 1261 1745 ,
1290 1657 1334 1733 s
1389 1681 1430 1732 e
1464 1670 1810 1733 mutuum
1863 1657 2305 1757 complexos
2351 1686 2429 1738 ac

451 1755 903 1835 deosculatos
945 1759 1022 1832 in
1070 1757 1379 1868 gratiam
1420 1749 1784 1841 rev‘eniffe.
1881 1751 2159 1832 Pudeat
2241 1781 2421 1858 ergo

450 1851 936 1931 Christianum
964 1878 1091 1954 qui
1118 1851 1458 1951 nondum
1480 1849 1695 1949 plane
1728 1849 2104 1950 depuduit,
2125 1850 2251 1930 hic
2268 1879 2421 1935 non

446 1948 697 2063 parilia
737 1949 973 2029 facere
1003 2007 1026 2038 ‚
1073 1973 1246 2025 cum
1287 1945 1560 2024 miseris
1605 1945 1795 2023 hisce
1846 1947 2258 2026 insanientis
2304 1976 2422 2028 cu-

447 2045 731 2144 jusdam
748 2051 1063 2145 sapientia
1112 2044 1493 2146 discipulis.
1592 2040 1832 2120 Brevis
1869 2060 2063 2121 certe
2091 2054 2170 2130 ὅ(
2208 2048 2449 2131 cadu-'

448 2168 533 2222 ca
563 2158 678 2240 r‘es
719 2143 1054 2222 homines
1088 2141 1358 2230 sumUS,
1413 2141 1592 2219 dum
1627 2166 1704 2217 er
1758 2166 1806 2218 o
1864 2139 2263 2254 poffumuS,
2286 2170 2421 2223 nos

289 2255 304 2264 ‘
447 2256 715 2320 mutuo
743 2242 1149 2342 diligamus,
1174 2246 1252 2322 δι
1272 2240 1685 2316 communis
1745 2238 2112 2338 ragihtatis
2131 2266 2419 2320 memo-

445 2363 580 2425 res,
622 2363 877 2416 omnes
920 2341 1106 2414 rixas
1148 2343 1228 2419 δε
1284 2358 1570 2435 pugnas
1620 2372 1643 2422 ς
1698 2336 1804 2426 jur
1884 2362 1923 2413 a
1974 2360 2057 2414 ac
2101 2343 2420 2417 convitia

443 2433 695 2512 sedulo
733 2436 1118 2519 evitemus,
1173 2456 1576 2532 omnesque
1606 2432 1805 2509 offen
1833 2458 1904 2510 as
1941 2431 2241 2512 Lethaeo
2282 2460 2420 2536 po-

445 2531 619 2608 culo
662 2534 1191 2629 mergamu8,&
1221 2527 1391 2604 dedi
1497 2530 1739 2605 atione
1769 2533 2016 2628 potius
2056 2555 2281 2631 quam
2309 2536 2422 2610 in-

444 2626 870 2725 dignatione
883 2625 1326 2704 ulciscamur.
1507 2649 1600 2702 oc
1619 2625 1686 2701 sa
1741 2630 2003 2715 ienter,
2039 2626 2190 2705 hoc
2207 2627 2422 2707 Chri-

442 2723 662 2802 stiane
693 2797 696 2800 .
725 2724 961 2804 aestum
1013 2724 1164 2814 erit.
1265 2730 1448 2797 Dum
1481 2732 1649 2795 inter
1703 2733 1962 2800 ‚omines
1994 2727 2246 2817 summ,
2293 2751 2419 2804 au..

441 2843 652 2898 reum
684 2829 908 2898 Senecae
933 2818 1122 2897 illius
1169 2817 1397 2895 ferme
1447 2816 1846 2907 Christiani,
1864 2824 2237 2923 monitum
2246 2824 2415 2912 fust,

438 2914 890 2998 hummitatem
944 2919 1200 2992 colamus
1232 2970 1256 3003 ‚
1330 2919 1598 3008 inJ'urias
1641 2919 2036 2993 condonemus
2050 2974 2073 3006 ,
2128 2918 2222 3008 ἓξ
2251 2924 2415 2998 levia

435 3014 670 3092 damna
709 3038 934 3112 magno
971 3023 1178 3088 animo
1218 3032 1682 3092 coeuenmamus.
1782 3021 1960 3091 Dum
2009 3025 2174 3092 enim
2219 3019 2411 3114 respi-

432 3120 618 3186 cimus·
634 3169 655 3199 ‚
686 3113 859 3209 quod
893 3114 1109 3199 ajunt,
1170 3111 1590 3205 versamusque
1610 3138 1742 3197 nos,
1793 3116 2154 3186 mortalitas
2184 3118 2408 3190 aderit.

432 3207 816 3288 Meditare,
845 3232 893 3285 o
936 3206 1170 3284 homo
1203 3205 1719 3288 mortalitatem
1751 3221 1952 3284 tuam
1988 3210 2064 3285 ὃς
2107 3213 2248 3286 eris
2287 3236 2408 3313 pa-

430 3308 637 3384 tiens.
742 3317 814 3380 0-
847 3313 965 3379 Dii
1004 3305 1171 3388 boni,
1208 3304 1368 3398 quid
1394 3308 1470 3396 ss
1512 3313 1580 3376 in
1614 3302 1871 3378 homimk
1895 3314 2035 3380 vita
2076 3307 2251 3383 diu?
2307 3317 2411 3385 Ci-

428 3427 567 3478 cero
617 3400 878 3480 alicubi
925 3398 1277 3477 exclamat
1290 3456 1313 3486 ‚
1369 3401 1444 3478 δε
1485 3407 1710 3478 Seneca
1752 3403 1968 3479 verba
2014 3400 2203 3493 sunt,
2250 3405 2423 3481 Non'

421 3497 586 3594 pqffie
640 3502 825 3595 longa
863 3498 1192 3572 intervalla
1231 3494 1339 3595 effi
1380 3505 1450 3572 in
1507 3526 1577 3570 ea
1615 3495 1707 3585 γὲ,
1742 3526 1873 3594 quae
1907 3519 2043 3574 tota
2090 3502 2295 3576 brevis
2308 3508 2401 3598 est.

431 3592 528 3671 At
568 3595 724 3673 talis
787 3618 1031 3672 revera
1077 3593 1177 3671 est
1216 3596 1364 3672 vita
1393 3593 1633 3673 nostra
1650 3650 1672 3681 ,
1726 3597 1945 3673 etiam
1974 3596 2401 3771 longilllilma.

465 3727 470 3732 ·
511 3727 522 3764 ;
2285 3719 2404 3772 em
