<?xml version="1.0" encoding="UTF-8"?>
<!DOCTYPE html PUBLIC "-//W3C//DTD XHTML 1.0 Transitional//EN"
    "http://www.w3.org/TR/xhtml1/DTD/xhtml1-transitional.dtd">
<html xmlns="http://www.w3.org/1999/xhtml" xml:lang="en" lang="en">
 <head>
  <title>
</title>
<meta http-equiv="Content-Type" content="text/html;charset=utf-8" />
  <meta name='ocr-system' content='tesseract 3.04.00' />
  <meta name='ocr-capabilities' content='ocr_page ocr_carea ocr_par ocr_line ocrx_word'/>
</head>
<body>
  <div class='ocr_page' id='page_1' title='image "./saturadissertat00unkngoog_0427.png"; bbox 0 0 2590 4326; ppageno 0'>
   <div class='ocr_carea' id='block_1_1' title="bbox 873 116 2184 293">
    <p class='ocr_par' dir='ltr' id='par_1_1' title="bbox 720 88 2184 293">
     <span class='ocr_line' id='line_1_1' title="bbox 873 116 2184 293; baseline -0.009 -36.359"><span class='ocrx_word' id='word_1_1' title='bbox 873 130 1050 240; x_wconf 57' lang='lat'><strong>⁹⁶?-</strong></span> <span class='ocrx_word' id='word_1_2' title='bbox 1118 116 1258 235; x_wconf 58' lang='grc' dir='ltr'><strong>δέ(</strong></span> <span class='ocrx_word' id='word_1_3' title='bbox 1367 134 1669 293; x_wconf 33' lang='grc' dir='ltr'><strong>ἒξ*-</strong></span> <span class='ocrx_word' id='word_1_4' title='bbox 2009 161 2184 274; x_wconf 67' lang='grc' dir='ltr'><strong>Ι413</strong></span> 
     </span>
    </p>
   </div>
   <div class='ocr_carea' id='block_1_2' title="bbox 189 312 2252 1800">
    <p class='ocr_par' dir='ltr' id='par_1_2' title="bbox 189 312 2252 1591">
     <span class='ocr_line' id='line_1_2' title="bbox 197 312 2189 509; baseline 0.005 -20"><span class='ocrx_word' id='word_1_5' title='bbox 197 316 613 489; x_wconf 52' lang='lat' dir='ltr'><strong>2⁶35·ssssssss</strong></span> <span class='ocrx_word' id='word_1_6' title='bbox 668 312 963 509; x_wconf 49' lang='lat' dir='ltr'><strong>2335&amp;ss</strong></span> <span class='ocrx_word' id='word_1_7' title='bbox 985 315 1922 508; x_wconf 47' lang='lat' dir='ltr'><strong>..oe’nifflfflfflw</strong></span> <span class='ocrx_word' id='word_1_8' title='bbox 1948 343 2189 498; x_wconf 56' lang='lat' dir='ltr'><strong>‘&#39;2⁰²’ss</strong></span> 
     </span>
     <span class='ocr_line' id='line_1_3' title="bbox 197 442 2183 612; baseline 0.004 -25.979"><span class='ocrx_word' id='word_1_9' title='bbox 197 511 579 610; x_wconf 82' lang='lat' dir='ltr'>eleganter</span> <span class='ocrx_word' id='word_1_10' title='bbox 610 469 764 586; x_wconf 54' lang='lat' dir='ltr'><strong>flato</strong></span> <span class='ocrx_word' id='word_1_11' title='bbox 802 509 1000 612; x_wconf 90' lang='lat' dir='ltr'><strong>apud</strong></span> <span class='ocrx_word' id='word_1_12' title='bbox 1050 517 1399 587; x_wconf 83' lang='lat' dir='ltr'><em>Ciceronem</em></span> <span class='ocrx_word' id='word_1_13' title='bbox 1476 512 1725 600; x_wconf 89' lang='lat' dir='ltr'><strong>ixerat,</strong></span> <span class='ocrx_word' id='word_1_14' title='bbox 1744 442 2183 607; x_wconf 47' lang='lat' dir='ltr'><strong>mofiasstffrl,</strong></span> 
     </span>
     <span class='ocr_line' id='line_1_4' title="bbox 193 606 2187 712; baseline 0.003 -27"><span class='ocrx_word' id='word_1_15' title='bbox 193 622 291 688; x_wconf 89' lang='lat' dir='ltr'><strong>ut</strong></span> <span class='ocrx_word' id='word_1_16' title='bbox 338 630 577 711; x_wconf 86' lang='lat' dir='ltr'><strong>quum</strong></span> <span class='ocrx_word' id='word_1_17' title='bbox 614 631 816 708; x_wconf 82' lang='lat' dir='ltr'><strong>aquae</strong></span> <span class='ocrx_word' id='word_1_18' title='bbox 841 606 1315 685; x_wconf 88' lang='lat' dir='ltr'><strong>multitudine</strong></span> <span class='ocrx_word' id='word_1_19' title='bbox 1348 606 1656 687; x_wconf 83' lang='lat' dir='ltr'><strong>flammae</strong></span> <span class='ocrx_word' id='word_1_20' title='bbox 1684 613 1794 687; x_wconf 86' lang='lat' dir='ltr'><strong>vis</strong></span> <span class='ocrx_word' id='word_1_21' title='bbox 1831 634 1932 712; x_wconf 91' lang='lat' dir='ltr'><strong>op</strong></span> <span class='ocrx_word' id='word_1_22' title='bbox 1988 615 2187 690; x_wconf 89' lang='lat' dir='ltr'><strong>rimi-</strong></span> 
     </span>
     <span class='ocr_line' id='line_1_5' title="bbox 192 704 2187 809; baseline 0.002 -26"><span class='ocrx_word' id='word_1_23' title='bbox 192 721 322 783; x_wconf 89' lang='lat' dir='ltr'><strong>tur</strong></span> <span class='ocrx_word' id='word_1_24' title='bbox 341 761 366 794; x_wconf 93' lang='lat'><strong>,</strong></span> <span class='ocrx_word' id='word_1_25' title='bbox 418 728 554 782; x_wconf 84' lang='lat' dir='ltr'><strong>vos</strong></span> <span class='ocrx_word' id='word_1_26' title='bbox 598 707 1059 791; x_wconf 89' lang='lat' dir='ltr'><strong>moriemini,</strong></span> <span class='ocrx_word' id='word_1_27' title='bbox 1112 720 1199 782; x_wconf 92' lang='lat' dir='ltr'><strong>ut</strong></span> <span class='ocrx_word' id='word_1_28' title='bbox 1226 728 1461 809; x_wconf 91' lang='lat' dir='ltr'><strong>quum</strong></span> <span class='ocrx_word' id='word_1_29' title='bbox 1500 704 1783 808; x_wconf 89' lang='lat' dir='ltr'><strong>sponte,</strong></span> <span class='ocrx_word' id='word_1_30' title='bbox 1810 733 1863 785; x_wconf 90' lang='lat' dir='ltr'><strong>n</strong></span> <span class='ocrx_word' id='word_1_31' title='bbox 1972 735 2012 787; x_wconf 88' lang='lat' dir='ltr'><strong>a</strong></span> <span class='ocrx_word' id='word_1_32' title='bbox 2060 711 2187 789; x_wconf 69' lang='lat' dir='ltr'><strong>ad-</strong></span> 
     </span>
     <span class='ocr_line' id='line_1_6' title="bbox 193 802 2195 904; baseline -0 -24"><span class='ocrx_word' id='word_1_33' title='bbox 193 802 432 882; x_wconf 80' lang='lat' dir='ltr'><strong>hibita</strong></span> <span class='ocrx_word' id='word_1_34' title='bbox 471 804 568 890; x_wconf 86' lang='lat' dir='ltr'><strong>vi,</strong></span> <span class='ocrx_word' id='word_1_35' title='bbox 615 802 1032 882; x_wconf 78' lang='lat' dir='ltr'><strong>consumtus</strong></span> <span class='ocrx_word' id='word_1_36' title='bbox 1075 804 1265 902; x_wconf 88' lang='lat' dir='ltr'><strong>ignis</strong></span> <span class='ocrx_word' id='word_1_37' title='bbox 1307 805 1775 904; x_wconf 81' lang='lat' dir='ltr'><strong>extinguitur.</strong></span> <span class='ocrx_word' id='word_1_38' title='bbox 1877 803 2073 886; x_wconf 87' lang='lat' dir='ltr'><strong>Cum</strong></span> <span class='ocrx_word' id='word_1_39' title='bbox 2102 806 2195 886; x_wconf 73' lang='lat' dir='ltr'><strong>ss.</strong></span> 
     </span>
     <span class='ocr_line' id='line_1_7' title="bbox 193 897 2252 1005; baseline 0.004 -30"><span class='ocrx_word' id='word_1_40' title='bbox 193 899 252 984; x_wconf 84' lang='lat' dir='ltr'><strong>li</strong></span> <span class='ocrx_word' id='word_1_41' title='bbox 285 897 487 1001; x_wconf 83' lang='lat' dir='ltr'><strong>quafi</strong></span> <span class='ocrx_word' id='word_1_42' title='bbox 518 923 743 999; x_wconf 90' lang='lat' dir='ltr'><strong>poma</strong></span> <span class='ocrx_word' id='word_1_43' title='bbox 778 924 870 977; x_wconf 84' lang='lat' dir='ltr'><strong>ex</strong></span> <span class='ocrx_word' id='word_1_44' title='bbox 911 900 1285 979; x_wconf 85' lang='lat' dir='ltr'><strong>arboribus</strong></span> <span class='ocrx_word' id='word_1_45' title='bbox 1342 900 1545 981; x_wconf 88' lang='lat' dir='ltr'><strong>acida</strong></span> <span class='ocrx_word' id='word_1_46' title='bbox 1581 902 1999 1005; x_wconf 85' lang='lat' dir='ltr'><strong>avellantur,</strong></span> <span class='ocrx_word' id='word_1_47' title='bbox 2046 929 2183 984; x_wconf 81' lang='lat' dir='ltr'><strong>vos</strong></span> <span class='ocrx_word' id='word_1_48' title='bbox 2244 972 2252 989; x_wconf 79' lang='grc'>,</span> 
     </span>
     <span class='ocr_line' id='line_1_8' title="bbox 194 995 2178 1098; baseline 0.003 -24"><span class='ocrx_word' id='word_1_49' title='bbox 194 995 401 1098; x_wconf 87' lang='lat' dir='ltr'><strong>quafi</strong></span> <span class='ocrx_word' id='word_1_50' title='bbox 441 1011 723 1079; x_wconf 82' lang='lat' dir='ltr'><strong>matura</strong></span> <span class='ocrx_word' id='word_1_51' title='bbox 752 1000 827 1079; x_wconf 72' lang='grc' dir='ltr'><strong>ὅτ.</strong></span> <span class='ocrx_word' id='word_1_52' title='bbox 872 997 1073 1077; x_wconf 66' lang='lat' dir='ltr'><strong>coen</strong></span> <span class='ocrx_word' id='word_1_53' title='bbox 1108 995 1471 1077; x_wconf 77' lang='lat' dir='ltr'><strong>decidetis,</strong></span> <span class='ocrx_word' id='word_1_54' title='bbox 1575 999 1837 1095; x_wconf 80' lang='lat' dir='ltr'><strong>Quum</strong></span> <span class='ocrx_word' id='word_1_55' title='bbox 1876 1001 2028 1080; x_wconf 88' lang='lat' dir='ltr'><strong>aliis</strong></span> <span class='ocrx_word' id='word_1_56' title='bbox 2069 1004 2178 1080; x_wconf 51' lang='lat' dir='ltr'><strong>vi.</strong></span> 
     </span>
     <span class='ocr_line' id='line_1_9' title="bbox 189 1094 2183 1199; baseline 0.004 -27"><span class='ocrx_word' id='word_1_57' title='bbox 189 1108 354 1172; x_wconf 87' lang='lat' dir='ltr'><strong>tam</strong></span> <span class='ocrx_word' id='word_1_58' title='bbox 406 1097 515 1170; x_wconf 87' lang='lat' dir='ltr'><strong>vis</strong></span> <span class='ocrx_word' id='word_1_59' title='bbox 558 1094 828 1199; x_wconf 59' lang='lat' dir='ltr'><strong>auferat</strong></span> <span class='ocrx_word' id='word_1_60' title='bbox 855 1151 877 1182; x_wconf 91' lang='lat'><strong>,</strong></span> <span class='ocrx_word' id='word_1_61' title='bbox 942 1094 1155 1173; x_wconf 83' lang='lat' dir='ltr'><strong>vobis</strong></span> <span class='ocrx_word' id='word_1_62' title='bbox 1187 1094 1464 1172; x_wconf 87' lang='lat' dir='ltr'><strong>auferet</strong></span> <span class='ocrx_word' id='word_1_63' title='bbox 1507 1099 1895 1175; x_wconf 76' lang='lat' dir='ltr'><strong>maturitas,</strong></span> <span class='ocrx_word' id='word_1_64' title='bbox 1996 1098 2183 1181; x_wconf 91' lang='lat' dir='ltr'><strong>Non</strong></span> 
     </span>
     <span class='ocr_line' id='line_1_10' title="bbox 193 1190 2184 1298; baseline 0.004 -30"><span class='ocrx_word' id='word_1_65' title='bbox 193 1190 388 1298; x_wconf 80' lang='lat' dir='ltr'><strong>mihi</strong></span> <span class='ocrx_word' id='word_1_66' title='bbox 412 1206 748 1294; x_wconf 87' lang='lat' dir='ltr'><strong>tempero</strong></span> <span class='ocrx_word' id='word_1_67' title='bbox 781 1192 969 1273; x_wconf 87' lang='lat' dir='ltr'><strong>And.</strong></span> <span class='ocrx_word' id='word_1_68' title='bbox 1011 1194 1190 1294; x_wconf 89' lang='lat' dir='ltr'><strong>quin</strong></span> <span class='ocrx_word' id='word_1_69' title='bbox 1228 1206 1371 1294; x_wconf 87' lang='lat' dir='ltr'><strong>pro</strong></span> <span class='ocrx_word' id='word_1_70' title='bbox 1423 1191 1801 1275; x_wconf 89' lang='lat' dir='ltr'><strong>luculento</strong></span> <span class='ocrx_word' id='word_1_71' title='bbox 1852 1193 2184 1295; x_wconf 88' lang='lat' dir='ltr'><strong>specimi-</strong></span> 
     </span>
     <span class='ocr_line' id='line_1_11' title="bbox 191 1288 2181 1392; baseline -0.004 -21"><span class='ocrx_word' id='word_1_72' title='bbox 191 1313 295 1372; x_wconf 85' lang='lat' dir='ltr'><strong>ne</strong></span> <span class='ocrx_word' id='word_1_73' title='bbox 363 1303 516 1367; x_wconf 88' lang='lat' dir='ltr'><strong>tam</strong></span> <span class='ocrx_word' id='word_1_74' title='bbox 605 1288 907 1391; x_wconf 78' lang='lat' dir='ltr'><strong>placidae</strong></span> <span class='ocrx_word' id='word_1_75' title='bbox 992 1292 1253 1373; x_wconf 89' lang='lat' dir='ltr'><strong>mortis</strong></span> <span class='ocrx_word' id='word_1_76' title='bbox 1333 1290 1697 1392; x_wconf 85' lang='lat' dir='ltr'><strong>beataeque</strong></span> <span class='ocrx_word' id='word_1_77' title='bbox 1749 1292 2138 1383; x_wconf 64' lang='grc' dir='ltr'><strong>ευθανασίας</strong></span> <span class='ocrx_word' id='word_1_78' title='bbox 2153 1345 2181 1378; x_wconf 85' lang='lat'><strong>,</strong></span> 
     </span>
     <span class='ocr_line' id='line_1_12' title="bbox 193 1385 2180 1491; baseline 0.003 -27"><span class='ocrx_word' id='word_1_79' title='bbox 193 1387 445 1491; x_wconf 86' lang='lat' dir='ltr'><strong>quod,</strong></span> <span class='ocrx_word' id='word_1_80' title='bbox 505 1400 589 1464; x_wconf 91' lang='lat' dir='ltr'><strong>ut</strong></span> <span class='ocrx_word' id='word_1_81' title='bbox 634 1387 850 1466; x_wconf 90' lang='lat' dir='ltr'><strong>nobis</strong></span> <span class='ocrx_word' id='word_1_82' title='bbox 899 1385 1242 1472; x_wconf 87' lang='lat' dir='ltr'><strong>omnibus</strong></span> <span class='ocrx_word' id='word_1_83' title='bbox 1293 1443 1317 1475; x_wconf 93' lang='lat'><strong>,</strong></span> <span class='ocrx_word' id='word_1_84' title='bbox 1393 1385 1490 1465; x_wconf 87' lang='lat' dir='ltr'><strong>fic</strong></span> <span class='ocrx_word' id='word_1_85' title='bbox 1533 1390 1745 1465; x_wconf 76' lang='lat' dir='ltr'><strong>vobis</strong></span> <span class='ocrx_word' id='word_1_86' title='bbox 1791 1388 2180 1490; x_wconf 65' lang='lat' dir='ltr'><strong>praesertim</strong></span> 
     </span>
     <span class='ocr_line' id='line_1_13' title="bbox 192 1480 2179 1591; baseline 0.003 -28"><span class='ocrx_word' id='word_1_87' title='bbox 192 1480 633 1591; x_wconf 75' lang='lat' dir='ltr'><strong>praestantifl‘.</strong></span> <span class='ocrx_word' id='word_1_88' title='bbox 703 1480 1022 1585; x_wconf 86' lang='lat' dir='ltr'><strong>Juvenes</strong></span> <span class='ocrx_word' id='word_1_89' title='bbox 1048 1541 1071 1573; x_wconf 93' lang='lat'><strong>,</strong></span> <span class='ocrx_word' id='word_1_90' title='bbox 1148 1482 1336 1560; x_wconf 88' lang='lat' dir='ltr'><strong>sacra</strong></span> <span class='ocrx_word' id='word_1_91' title='bbox 1382 1482 1558 1565; x_wconf 90' lang='lat' dir='ltr'><strong>Deo</strong></span> <span class='ocrx_word' id='word_1_92' title='bbox 1615 1484 1971 1587; x_wconf 86' lang='lat' dir='ltr'><strong>charaque</strong></span> <span class='ocrx_word' id='word_1_93' title='bbox 1994 1488 2179 1568; x_wconf 83' lang='lat' dir='ltr'><strong>mihi</strong></span> 
     </span>
    </p>

    <p class='ocr_par' dir='ltr' id='par_1_3' title="bbox 192 1579 2180 1800">
     <span class='ocr_line' id='line_1_14' title="bbox 258 1579 2179 1670; baseline 0.002 -11"><span class='ocrx_word' id='word_1_94' title='bbox 258 1584 272 1599; x_wconf 84' lang='lat'>&#39;</span> <span class='ocrx_word' id='word_1_95' title='bbox 386 1606 515 1660; x_wconf 87' lang='lat' dir='ltr'><strong>ora</strong></span> <span class='ocrx_word' id='word_1_96' title='bbox 562 1638 585 1670; x_wconf 92' lang='lat'><strong>,</strong></span> <span class='ocrx_word' id='word_1_97' title='bbox 661 1583 755 1662; x_wconf 88' lang='lat' dir='ltr'><strong>ad</strong></span> <span class='ocrx_word' id='word_1_98' title='bbox 800 1583 987 1661; x_wconf 89' lang='lat' dir='ltr'><strong>viam</strong></span> <span class='ocrx_word' id='word_1_99' title='bbox 1033 1582 1258 1661; x_wconf 91' lang='lat' dir='ltr'><strong>morti</strong></span> <span class='ocrx_word' id='word_1_100' title='bbox 1305 1579 1496 1659; x_wconf 90' lang='lat' dir='ltr'><strong>facili</strong></span> <span class='ocrx_word' id='word_1_101' title='bbox 1599 1583 1937 1661; x_wconf 87' lang='lat' dir='ltr'><strong>arandam</strong></span> <span class='ocrx_word' id='word_1_102' title='bbox 1987 1584 2179 1663; x_wconf 86' lang='lat' dir='ltr'><strong>faces</strong></span> 
     </span>
     <span class='ocr_line' id='line_1_15' title="bbox 192 1606 2180 1800; baseline 0 -39"><span class='ocrx_word' id='word_1_103' title='bbox 192 1606 503 1761; x_wconf 45' lang='grc' dir='ltr'><strong>Εἷς-,ἱεῖς</strong></span> <span class='ocrx_word' id='word_1_104' title='bbox 535 1679 795 1781; x_wconf 85' lang='lat' dir='ltr'><strong>potest,</strong></span> <span class='ocrx_word' id='word_1_105' title='bbox 823 1678 1229 1759; x_wconf 80' lang='lat' dir='ltr'><strong>recenseam</strong></span> <span class='ocrx_word' id='word_1_106' title='bbox 1279 1702 1544 1779; x_wconf 83' lang='lat' dir='ltr'><strong>exemp</strong></span> <span class='ocrx_word' id='word_1_107' title='bbox 1576 1703 1741 1800; x_wconf 56' lang='lat' dir='ltr'><strong>um,</strong></span> <span class='ocrx_word' id='word_1_108' title='bbox 1766 1680 1971 1794; x_wconf 76' lang='lat' dir='ltr'><strong>quod</strong></span> <span class='ocrx_word' id='word_1_109' title='bbox 1996 1680 2180 1761; x_wconf 89' lang='lat' dir='ltr'><strong>dum</strong></span> 
     </span>
    </p>
   </div>
   <div class='ocr_carea' id='block_1_3' title="bbox 544 267 800 288">
    <p class='ocr_par' dir='ltr' id='par_1_4' title="bbox 544 267 800 288">
     <span class='ocr_line' id='line_1_16' title="bbox 544 267 800 288; baseline 0 0"><span class='ocrx_word' id='word_1_110' title='bbox 544 267 800 288; x_wconf 95' lang='lat' dir='ltr'><strong> </strong></span> 
     </span>
    </p>
   </div>
   <div class='ocr_carea' id='block_1_4' title="bbox 810 270 1395 289">
    <p class='ocr_par' dir='ltr' id='par_1_5' title="bbox 810 270 1395 289">
     <span class='ocr_line' id='line_1_17' title="bbox 810 270 1395 289; baseline 0 4037"><span class='ocrx_word' id='word_1_111' title='bbox 810 270 1395 289; x_wconf 95' lang='lat' dir='ltr'><strong> </strong></span> 
     </span>
    </p>
   </div>
   <div class='ocr_carea' id='block_1_5' title="bbox 202 270 541 289">
    <p class='ocr_par' dir='ltr' id='par_1_6' title="bbox 202 270 541 289">
     <span class='ocr_line' id='line_1_18' title="bbox 202 270 541 289; baseline 0 4037"><span class='ocrx_word' id='word_1_112' title='bbox 202 270 541 289; x_wconf 95' lang='lat' dir='ltr'><strong> </strong></span> 
     </span>
    </p>
   </div>
   <div class='ocr_carea' id='block_1_6' title="bbox 1670 270 2192 297">
    <p class='ocr_par' dir='ltr' id='par_1_7' title="bbox 1670 270 2192 297">
     <span class='ocr_line' id='line_1_19' title="bbox 1670 270 2192 297; baseline 0 4029"><span class='ocrx_word' id='word_1_113' title='bbox 1670 270 2192 297; x_wconf 95' lang='lat' dir='ltr'><strong> </strong></span> 
     </span>
    </p>
   </div>
   <div class='ocr_carea' id='block_1_7' title="bbox 185 1774 2179 3337">
    <p class='ocr_par' dir='ltr' id='par_1_8' title="bbox 193 1774 2179 1957">
     <span class='ocr_line' id='line_1_20' title="bbox 193 1774 2179 1957; baseline -0.007 -99"><span class='ocrx_word' id='word_1_114' title='bbox 193 1802 436 1957; x_wconf 60' lang='lat' dir='ltr'><strong>guper</strong></span> <span class='ocrx_word' id='word_1_115' title='bbox 483 1774 1221 1953; x_wconf 49' lang='lat' dir='ltr'><strong>{egssffivisseleberfn</strong></span> <span class='ocrx_word' id='word_1_116' title='bbox 1280 1778 1738 1950; x_wconf 45' lang='lat' dir='ltr'><strong>Drzlincpgcrtiz</strong></span> <span class='ocrx_word' id='word_1_117' title='bbox 1734 1774 2179 1951; x_wconf 54' lang='lat' dir='ltr'><strong>lg1cslilrtatioffi.</strong></span> 
     </span>
    </p>

    <p class='ocr_par' dir='ltr' id='par_1_9' title="bbox 185 1884 2176 3337">
     <span class='ocr_line' id='line_1_21' title="bbox 247 1884 2173 2084; baseline -0.001 -31"><span class='ocrx_word' id='word_1_118' title='bbox 247 1894 1305 2075; x_wconf 39' lang='lat' dir='ltr'><strong>illsarmnamleilongiolsseniafflage</strong></span> <span class='ocrx_word' id='word_1_119' title='bbox 1326 1884 2173 2084; x_wconf 40' lang='lat' dir='ltr'><strong>ylimenpgvoeavgrnulrlr?</strong></span> 
     </span>
     <span class='ocr_line' id='line_1_22' title="bbox 192 2001 2176 2170; baseline -0.009 -18"><span class='ocrx_word' id='word_1_120' title='bbox 192 2001 272 2152; x_wconf 62' lang='grc' dir='ltr'><strong>ἓι</strong></span> <span class='ocrx_word' id='word_1_121' title='bbox 306 2076 496 2148; x_wconf 84' lang='lat' dir='ltr'><strong>mult·</strong></span> <span class='ocrx_word' id='word_1_122' title='bbox 536 2075 728 2146; x_wconf 76' lang='lat' dir='ltr'><strong>licatae</strong></span> <span class='ocrx_word' id='word_1_123' title='bbox 754 2086 917 2148; x_wconf 88' lang='lat' dir='ltr'><strong>tum</strong></span> <span class='ocrx_word' id='word_1_124' title='bbox 965 2066 1288 2170; x_wconf 90' lang='lat' dir='ltr'><strong>quidem,</strong></span> <span class='ocrx_word' id='word_1_125' title='bbox 1335 2063 1556 2167; x_wconf 75' lang='lat' dir='ltr'><strong>idque</strong></span> <span class='ocrx_word' id='word_1_126' title='bbox 1584 2081 1867 2166; x_wconf 68' lang='lat' dir='ltr'><strong>ingenti</strong></span> <span class='ocrx_word' id='word_1_127' title='bbox 1914 2092 2176 2148; x_wconf 78' lang='lat' dir='ltr'><strong>nume.-</strong></span> 
     </span>
     <span class='ocr_line' id='line_1_23' title="bbox 191 2094 2174 2271; baseline -0.009 -21"><span class='ocrx_word' id='word_1_128' title='bbox 191 2197 308 2261; x_wconf 68' lang='grc' dir='ltr'><strong>το,</strong></span> <span class='ocrx_word' id='word_1_129' title='bbox 344 2187 431 2249; x_wconf 87' lang='lat' dir='ltr'><strong>ut</strong></span> <span class='ocrx_word' id='word_1_130' title='bbox 460 2094 719 2247; x_wconf 52' lang='lat' dir='ltr'><strong>ffsaltes</strong></span> <span class='ocrx_word' id='word_1_131' title='bbox 749 2169 1082 2271; x_wconf 83' lang='lat' dir='ltr'><strong>loquitur</strong></span> <span class='ocrx_word' id='word_1_132' title='bbox 1106 2174 1176 2239; x_wconf 82' lang='lat' dir='ltr'><strong>in</strong></span> <span class='ocrx_word' id='word_1_133' title='bbox 1216 2163 1418 2238; x_wconf 79' lang='lat' dir='ltr'><strong>medio</strong></span> <span class='ocrx_word' id='word_1_134' title='bbox 1464 2173 1584 2237; x_wconf 79' lang='lat' dir='ltr'><strong>mei</strong></span> <span class='ocrx_word' id='word_1_135' title='bbox 1615 2173 2035 2262; x_wconf 78' lang='lat' dir='ltr'><strong>cogitationes,</strong></span> <span class='ocrx_word' id='word_1_136' title='bbox 2060 2167 2174 2244; x_wconf 59' lang='lat' dir='ltr'><strong>in:</strong></span> 
     </span>
     <span class='ocr_line' id='line_1_24' title="bbox 190 2260 2175 2370; baseline -0.009 -21"><span class='ocrx_word' id='word_1_137' title='bbox 190 2283 307 2349; x_wconf 90' lang='lat' dir='ltr'><strong>ter</strong></span> <span class='ocrx_word' id='word_1_138' title='bbox 336 2292 511 2370; x_wconf 86' lang='lat' dir='ltr'><strong>quas</strong></span> <span class='ocrx_word' id='word_1_139' title='bbox 547 2292 669 2344; x_wconf 91' lang='lat' dir='ltr'><strong>me</strong></span> <span class='ocrx_word' id='word_1_140' title='bbox 718 2265 1131 2343; x_wconf 87' lang='lat' dir='ltr'><strong>recordatio</strong></span> <span class='ocrx_word' id='word_1_141' title='bbox 1165 2260 1383 2338; x_wconf 79' lang='lat' dir='ltr'><strong>bonae</strong></span> <span class='ocrx_word' id='word_1_142' title='bbox 1447 2262 1668 2361; x_wconf 90' lang='lat' dir='ltr'><strong>partis</strong></span> <span class='ocrx_word' id='word_1_143' title='bbox 1698 2274 1849 2339; x_wconf 86' lang='lat' dir='ltr'><strong>tem</strong></span> <span class='ocrx_word' id='word_1_144' title='bbox 1904 2266 2050 2356; x_wconf 91' lang='lat' dir='ltr'><strong>oris</strong></span> <span class='ocrx_word' id='word_1_145' title='bbox 2084 2264 2175 2342; x_wconf 90' lang='lat' dir='ltr'><strong>il..</strong></span> 
     </span>
     <span class='ocr_line' id='line_1_25' title="bbox 192 2355 2174 2469; baseline -0.008 -24"><span class='ocrx_word' id='word_1_146' title='bbox 192 2366 359 2455; x_wconf 85' lang='lat' dir='ltr'><strong>lius,</strong></span> <span class='ocrx_word' id='word_1_147' title='bbox 383 2364 586 2469; x_wconf 90' lang='lat' dir='ltr'><strong>quod</strong></span> <span class='ocrx_word' id='word_1_148' title='bbox 610 2361 817 2443; x_wconf 89' lang='lat' dir='ltr'><strong>Deus</strong></span> <span class='ocrx_word' id='word_1_149' title='bbox 841 2360 1109 2463; x_wconf 85' lang='lat' dir='ltr'><strong>Juveni</strong></span> <span class='ocrx_word' id='word_1_150' title='bbox 1139 2357 1324 2436; x_wconf 90' lang='lat' dir='ltr'><strong>mihi</strong></span> <span class='ocrx_word' id='word_1_151' title='bbox 1359 2356 1434 2433; x_wconf 69' lang='grc' dir='ltr'><strong>δε</strong></span> <span class='ocrx_word' id='word_1_152' title='bbox 1467 2355 1805 2435; x_wconf 90' lang='lat' dir='ltr'><strong>Studioso</strong></span> <span class='ocrx_word' id='word_1_153' title='bbox 1869 2362 2174 2440; x_wconf 60' lang='lat' dir='ltr'><strong>ortunass.</strong></span> 
     </span>
     <span class='ocr_line' id='line_1_26' title="bbox 193 2452 2174 2560; baseline -0.004 -21"><span class='ocrx_word' id='word_1_154' title='bbox 193 2467 340 2558; x_wconf 84' lang='lat' dir='ltr'><strong>vit,</strong></span> <span class='ocrx_word' id='word_1_155' title='bbox 380 2461 630 2539; x_wconf 88' lang='lat' dir='ltr'><strong>misere</strong></span> <span class='ocrx_word' id='word_1_156' title='bbox 668 2459 1072 2560; x_wconf 85' lang='lat' dir='ltr'><strong>dilapidatae</strong></span> <span class='ocrx_word' id='word_1_157' title='bbox 1114 2455 1368 2535; x_wconf 86' lang='lat' dir='ltr'><strong>acerbe</strong></span> <span class='ocrx_word' id='word_1_158' title='bbox 1404 2452 1697 2542; x_wconf 85' lang='lat' dir='ltr'><strong>habuit,</strong></span> <span class='ocrx_word' id='word_1_159' title='bbox 1746 2454 1899 2556; x_wconf 89' lang='lat' dir='ltr'><strong>legi</strong></span> <span class='ocrx_word' id='word_1_160' title='bbox 1947 2460 2174 2552; x_wconf 61' lang='lat' dir='ltr'><strong>jacoba·</strong></span> 
     </span>
     <span class='ocr_line' id='line_1_27' title="bbox 192 2553 2172 2655; baseline -0.005 -19"><span class='ocrx_word' id='word_1_161' title='bbox 192 2557 464 2638; x_wconf 88' lang='lat' dir='ltr'><strong>scilicet</strong></span> <span class='ocrx_word' id='word_1_162' title='bbox 487 2560 675 2634; x_wconf 84' lang='lat' dir='ltr'><strong>Fabri</strong></span> <span class='ocrx_word' id='word_1_163' title='bbox 714 2556 1102 2655; x_wconf 72' lang='lat' dir='ltr'><strong>stapulensis,</strong></span> <span class='ocrx_word' id='word_1_164' title='bbox 1144 2555 1335 2635; x_wconf 84' lang='lat' dir='ltr'><strong>inter</strong></span> <span class='ocrx_word' id='word_1_165' title='bbox 1375 2553 1689 2628; x_wconf 86' lang='lat' dir='ltr'><strong>veritatis</strong></span> <span class='ocrx_word' id='word_1_166' title='bbox 1739 2554 2172 2655; x_wconf 76' lang='lat' dir='ltr'><strong>evangelicae</strong></span> 
     </span>
     <span class='ocr_line' id='line_1_28' title="bbox 188 2646 2175 2751; baseline -0.007 -15"><span class='ocrx_word' id='word_1_167' title='bbox 188 2659 269 2736; x_wconf 60' lang='grc' dir='ltr'>ἃ</span> <span class='ocrx_word' id='word_1_168' title='bbox 311 2658 673 2735; x_wconf 87' lang='lat' dir='ltr'><strong>bonarum</strong></span> <span class='ocrx_word' id='word_1_169' title='bbox 708 2652 1144 2735; x_wconf 88' lang='lat' dir='ltr'><strong>Litterarum</strong></span> <span class='ocrx_word' id='word_1_170' title='bbox 1181 2649 1703 2735; x_wconf 80' lang='lat' dir='ltr'><strong>instauratoreS,</strong></span> <span class='ocrx_word' id='word_1_171' title='bbox 1723 2646 1920 2726; x_wconf 90' lang='lat' dir='ltr'><strong>haud</strong></span> <span class='ocrx_word' id='word_1_172' title='bbox 1954 2653 2175 2751; x_wconf 86' lang='lat' dir='ltr'><strong>igno..</strong></span> 
     </span>
     <span class='ocr_line' id='line_1_29' title="bbox 186 2744 2172 2844; baseline -0.004 -11"><span class='ocrx_word' id='word_1_173' title='bbox 186 2754 357 2836; x_wconf 89' lang='lat' dir='ltr'><strong>bilis</strong></span> <span class='ocrx_word' id='word_1_174' title='bbox 397 2754 475 2832; x_wconf 91' lang='lat' dir='ltr'><strong>in</strong></span> <span class='ocrx_word' id='word_1_175' title='bbox 525 2749 777 2835; x_wconf 88' lang='lat' dir='ltr'><strong>Galliis</strong></span> <span class='ocrx_word' id='word_1_176' title='bbox 842 2749 1187 2831; x_wconf 89' lang='lat' dir='ltr'><strong>Nominis</strong></span> <span class='ocrx_word' id='word_1_177' title='bbox 1211 2759 1237 2834; x_wconf 75' lang='lat'><strong>,&#39;</strong></span> <span class='ocrx_word' id='word_1_178' title='bbox 1278 2747 1485 2843; x_wconf 78' lang='lat' dir='ltr'><strong>cujus</strong></span> <span class='ocrx_word' id='word_1_179' title='bbox 1514 2744 1882 2824; x_wconf 90' lang='lat' dir='ltr'><strong>historiam</strong></span> <span class='ocrx_word' id='word_1_180' title='bbox 1907 2744 2172 2844; x_wconf 67' lang='lat' dir='ltr'><strong>Verbis</strong></span> 
     </span>
     <span class='ocr_line' id='line_1_30' title="bbox 188 2834 2176 2942; baseline -0.002 -14"><span class='ocrx_word' id='word_1_181' title='bbox 188 2850 358 2928; x_wconf 90' lang='lat' dir='ltr'><strong>Viri</strong></span> <span class='ocrx_word' id='word_1_182' title='bbox 399 2848 871 2928; x_wconf 88' lang='lat' dir='ltr'><strong>Celeberrimi</strong></span> <span class='ocrx_word' id='word_1_183' title='bbox 916 2834 1365 2925; x_wconf 86' lang='lat' dir='ltr'><strong>hicbreviter</strong></span> <span class='ocrx_word' id='word_1_184' title='bbox 1381 2844 1794 2942; x_wconf 81' lang='lat' dir='ltr'><strong>appingam.</strong></span> <span class='ocrx_word' id='word_1_185' title='bbox 1891 2841 1959 2922; x_wconf 91' lang='lat' dir='ltr'><strong>Is</strong></span> <span class='ocrx_word' id='word_1_186' title='bbox 1978 2848 2176 2925; x_wconf 86' lang='lat' dir='ltr'><strong>Faber</strong></span> 
     </span>
     <span class='ocr_line' id='line_1_31' title="bbox 186 2937 2171 3041; baseline -0.002 -14"><span class='ocrx_word' id='word_1_187' title='bbox 186 2946 467 3027; x_wconf 64' lang='lat' dir='ltr'><strong>senecta</strong></span> <span class='ocrx_word' id='word_1_188' title='bbox 545 2942 947 3023; x_wconf 85' lang='lat' dir='ltr'><strong>admodum</strong></span> <span class='ocrx_word' id='word_1_189' title='bbox 987 2949 1190 3021; x_wconf 82' lang='lat' dir='ltr'><strong>aetate</strong></span> <span class='ocrx_word' id='word_1_190' title='bbox 1217 2937 1735 3041; x_wconf 88' lang='lat' dir='ltr'><strong>persecutionis</strong></span> <span class='ocrx_word' id='word_1_191' title='bbox 1777 2938 2171 3023; x_wconf 88' lang='lat' dir='ltr'><strong>vehemen-</strong></span> 
     </span>
     <span class='ocr_line' id='line_1_32' title="bbox 185 3033 2169 3145; baseline -0.007 -23"><span class='ocrx_word' id='word_1_192' title='bbox 185 3048 541 3145; x_wconf 87' lang='lat' dir='ltr'><strong>tiam,qua</strong></span> <span class='ocrx_word' id='word_1_193' title='bbox 565 3043 881 3122; x_wconf 81' lang='lat' dir='ltr'><strong>veritatis</strong></span> <span class='ocrx_word' id='word_1_194' title='bbox 914 3033 1346 3143; x_wconf 74' lang='lat' dir='ltr'><strong>professores</strong></span> <span class='ocrx_word' id='word_1_195' title='bbox 1395 3037 1929 3138; x_wconf 89' lang='lat' dir='ltr'><strong>premebantur,</strong></span> <span class='ocrx_word' id='word_1_196' title='bbox 1985 3040 2169 3118; x_wconf 84' lang='lat' dir='ltr'><strong>effu.</strong></span> 
     </span>
     <span class='ocr_line' id='line_1_33' title="bbox 237 3131 2170 3237; baseline -0.01 -17"><span class='ocrx_word' id='word_1_197' title='bbox 237 3142 500 3227; x_wconf 72' lang='lat' dir='ltr'><strong>&#39;‘turus,</strong></span> <span class='ocrx_word' id='word_1_198' title='bbox 552 3137 645 3216; x_wconf 86' lang='lat' dir='ltr'><strong>ad</strong></span> <span class='ocrx_word' id='word_1_199' title='bbox 681 3136 1047 3215; x_wconf 86' lang='lat' dir='ltr'><strong>Nabaram</strong></span> <span class='ocrx_word' id='word_1_200' title='bbox 1065 3135 1450 3237; x_wconf 87' lang='lat' dir='ltr'><strong>Reginam,</strong></span> <span class='ocrx_word' id='word_1_201' title='bbox 1535 3133 1620 3210; x_wconf 84' lang='lat' dir='ltr'><strong>iae</strong></span> <span class='ocrx_word' id='word_1_202' title='bbox 1652 3131 1872 3211; x_wconf 87' lang='lat' dir='ltr'><strong>eausae</strong></span> <span class='ocrx_word' id='word_1_203' title='bbox 1885 3138 2170 3218; x_wconf 87' lang='lat' dir='ltr'><strong>animo-</strong></span> 
     </span>
     <span class='ocr_line' id='line_1_34' title="bbox 214 3230 2170 3337; baseline -0.001 -22"><span class='ocrx_word' id='word_1_204' title='bbox 214 3262 336 3315; x_wconf 89' lang='lat' dir='ltr'><strong>am</strong></span> <span class='ocrx_word' id='word_1_205' title='bbox 432 3235 964 3337; x_wconf 79' lang='lat' dir='ltr'><strong>rudentemque</strong></span> <span class='ocrx_word' id='word_1_206' title='bbox 1002 3236 1345 3315; x_wconf 88' lang='lat' dir='ltr'><strong>tutricem</strong></span> <span class='ocrx_word' id='word_1_207' title='bbox 1371 3287 1395 3320; x_wconf 91' lang='lat'><strong>,</strong></span> <span class='ocrx_word' id='word_1_208' title='bbox 1539 3230 1829 3308; x_wconf 88' lang='lat' dir='ltr'><strong>bretum</strong></span> <span class='ocrx_word' id='word_1_209' title='bbox 1882 3234 1962 3310; x_wconf 86' lang='lat' dir='ltr'><strong>in</strong></span> <span class='ocrx_word' id='word_1_210' title='bbox 1992 3231 2170 3313; x_wconf 84' lang='lat' dir='ltr'><strong>Vas-</strong></span> 
     </span>
    </p>
   </div>
   <div class='ocr_carea' id='block_1_8' title="bbox 190 3323 2319 3426">
    <p class='ocr_par' dir='ltr' id='par_1_10' title="bbox 190 3323 2319 3426">
     <span class='ocr_line' id='line_1_35' title="bbox 190 3323 2319 3426; baseline 0 -14"><span class='ocrx_word' id='word_1_211' title='bbox 190 3336 373 3414; x_wconf 84' lang='lat' dir='ltr'><strong>coni</strong></span> <span class='ocrx_word' id='word_1_212' title='bbox 423 3358 510 3410; x_wconf 89' lang='lat' dir='ltr'><strong>us</strong></span> <span class='ocrx_word' id='word_1_213' title='bbox 582 3332 652 3410; x_wconf 89' lang='lat' dir='ltr'><strong>se</strong></span> <span class='ocrx_word' id='word_1_214' title='bbox 694 3331 1028 3410; x_wconf 89' lang='lat' dir='ltr'><strong>contulit.</strong></span> <span class='ocrx_word' id='word_1_215' title='bbox 1130 3328 1474 3426; x_wconf 77' lang='lat' dir='ltr'><strong>Quadam</strong></span> <span class='ocrx_word' id='word_1_216' title='bbox 1521 3342 1767 3405; x_wconf 84' lang='lat' dir='ltr'><strong>autem</strong></span> <span class='ocrx_word' id='word_1_217' title='bbox 1813 3324 1930 3405; x_wconf 88' lang='lat' dir='ltr'><strong>die</strong></span> <span class='ocrx_word' id='word_1_218' title='bbox 1976 3323 2191 3413; x_wconf 62' lang='lat' dir='ltr'><strong>misit*</strong></span> <span class='ocrx_word' id='word_1_219' title='bbox 2316 3337 2319 3340; x_wconf 71' lang='grc'>’</span> 
     </span>
    </p>
   </div>
   <div class='ocr_carea' id='block_1_9' title="bbox 179 3422 2167 3724">
    <p class='ocr_par' dir='ltr' id='par_1_11' title="bbox 179 3422 2167 3724">
     <span class='ocr_line' id='line_1_36' title="bbox 180 3422 2167 3539; baseline -0.004 -30"><span class='ocrx_word' id='word_1_220' title='bbox 180 3432 275 3511; x_wconf 89' lang='lat' dir='ltr'><strong>ad</strong></span> <span class='ocrx_word' id='word_1_221' title='bbox 316 3429 556 3534; x_wconf 91' lang='lat' dir='ltr'><strong>ipsum</strong></span> <span class='ocrx_word' id='word_1_222' title='bbox 582 3427 888 3531; x_wconf 88' lang='lat' dir='ltr'><strong>Regina,</strong></span> <span class='ocrx_word' id='word_1_223' title='bbox 918 3430 993 3505; x_wconf 85' lang='lat'>&amp;</span> <span class='ocrx_word' id='word_1_224' title='bbox 1028 3428 1364 3507; x_wconf 87' lang='lat' dir='ltr'><strong>condixit</strong></span> <span class='ocrx_word' id='word_1_225' title='bbox 1397 3425 1490 3504; x_wconf 90' lang='lat' dir='ltr'><strong>ad</strong></span> <span class='ocrx_word' id='word_1_226' title='bbox 1526 3422 1937 3539; x_wconf 84' lang='lat' dir='ltr'><strong>prandium,</strong></span> <span class='ocrx_word' id='word_1_227' title='bbox 1984 3450 2167 3506; x_wconf 85' lang='lat' dir='ltr'><strong>con..</strong></span> 
     </span>
     <span class='ocr_line' id='line_1_37' title="bbox 179 3515 2166 3724; baseline -0.004 -117"><span class='ocrx_word' id='word_1_228' title='bbox 179 3528 466 3682; x_wconf 73' lang='lat' dir='ltr'><strong>vocatis</strong></span> <span class='ocrx_word' id='word_1_229' title='bbox 509 3524 740 3606; x_wconf 70' lang='lat' dir='ltr'><strong>doctis</strong></span> <span class='ocrx_word' id='word_1_230' title='bbox 782 3525 1216 3627; x_wconf 88' lang='lat' dir='ltr'><strong>quibusdam</strong></span> <span class='ocrx_word' id='word_1_231' title='bbox 1236 3525 1390 3704; x_wconf 50' lang='lat' dir='ltr'><strong>Ddil</strong></span> <span class='ocrx_word' id='word_1_232' title='bbox 1436 3526 1584 3713; x_wconf 52' lang='lat' dir='ltr'><strong>{irs</strong></span> <span class='ocrx_word' id='word_1_233' title='bbox 1652 3515 2166 3724; x_wconf 52' lang='grc' dir='ltr'><strong>Ιιοῐιιίιιίῗ.)(ιιιιε;0ἰ</strong></span> 
     </span>
    </p>
   </div>
  </div>
 </body>
</html>
