2590 4326
905 156 1058 273 '33
1181 158 1294 279 )3(
1407 173 1548 282 R?
2090 198 2199 283 27

197 369 381 446 bulae
425 364 708 459 magis
773 378 1019 451 quam
1048 369 1240 433 ve'ro
1281 355 1718 435 similiorem
1771 360 2196 438 diffionem

207 462 648 540 arbitratus,
710 455 998 532 dubius
1036 450 1417 531 baerebam
1453 454 1636 549 quid
1679 477 1981 555 agerem
2030 507 2052 540 ‚
2106 482 2201 537 ex

205 581 338 635 una
384 573 624 659 parte
657 549 1201 629 imbecillitatis
1249 571 1441 633 meae
1501 548 1695 625 mihi
1735 548 1976 643 probe
2018 575 2201 629 con.

200 656 380 734 scius
406 706 425 731 .
460 676 559 727 ex
589 646 835 726 altera
880 647 1185 746 planam
1209 642 1365 722 fine
1389 646 1610 720 omni
1640 647 1782 722 alia
1810 646 2205 725 difficulta-

198 769 272 828 te
320 772 458 827 aut
514 747 808 827 labore
858 745 1029 844 puri
1073 742 1150 818 &
1199 739 1462 818 fineeri
1504 743 1793 819 amoris
1838 745 2070 823 viam,
2122 747 2202 820 ὅ(

198 869 571 945 apertum
624 841 830 917 mihi
874 843 976 917 ita
998 834 1304 917 stratum
1339 834 1482 915 effe
1525 858 1881 923 cernens,
1931 837 2205 915 deinde

199 947 442 1021 etiam
494 936 993 1042 perpendens
1025 986 1049 1021 ‚
1103 931 1412 1013 crastina
1498 934 1698 1011 illius
1774 934 1931 1014 diei
2005 933 2205 1011 mihi

201 1039 525 1139 publice
564 1031 1085 1136 loquendum,
1138 1030 1910 1130 respondendumque
1939 1027 2090 1109 effe
2108 1029 2206 1106 de

207 1155 729 1234 argumento,
782 1129 885 1206 ad
938 1128 1154 1228 quod
1214 1150 1343 1206 me
1390 1146 1784 1221 nunquam
1842 1149 2204 1227 praepara-

203 1236 299 1307 vi
397 1255 558 1310 nec
626 1229 860 1307 ullum
921 1222 1313 1326 superesset
1406 1220 1963 1322 praeparation'is
2049 1224 2203 1318 spa·

213 1333 466 1407 tium.
549 1325 805 1403 Annui
848 1345 1107 1400 tamen
1138 1371 1161 1407 ‚
1197 1316 1529 1418 seniique
1581 1316 1782 1417 apud
1843 1341 1971 1393 me
2013 1336 2203 1395 tune

220 1425 507 1499 locum
547 1420 867 1507 habere,
916 1422 1125 1492 omnia
1154 1420 1355 1490 vincit
1393 1435 1594 1486 amor.
1697 1412 1981 1490 Habita
2058 1413 2204 1489 fuit

233 1518 678 1620 disputatio,
731 1539 885 1613 qua
926 1512 1138 1592 finita
1188 1535 1369 1590 cum
1411 1506 1713 1607 reliquis
1788 1508 2203 1586 Aaoribus

218 1616 325 1696 ad
367 1616 835 1694 convivium
877 1609 1261 1710 synodale
1314 1609 1393 1684 in
1442 1604 1632 1683 aedes
1696 1603 2203 1707 Wolphianas

212 1714 632 1805 admissus,
664 1708 959 1788 nullam
1013 1700 1205 1782 mihi
1260 1722 1501 1804 porro
1539 1698 1776 1776 deess‘e
1825 1721 2198 1802 opportu-

208 1811 552 1887 nitatem
605 1804 1058 1886 cernebam,
1102 1803 1462 1878 omnium
1507 1818 1779 1873 eorum
1817 1797 2201 1897 potiundi.

130 1982 133 1983 f
208 1931 394 2005 quae
451 1907 717 2007 paucis
762 1923 935 1980 ante
974 1899 1238 1979 diebus
1275 1919 1438 1973 tam
1488 1895 1737 1969 arduis
1770 1892 2195 1970 molitioni-

211 2008 373 2083 bus
468 2022 842 2097 tanquam
937 1992 1473 2074 inaccessibiles
1549 1990 1625 2066 δε
1674 1987 2203 2086 insuperabiles

196 2114 553 2178 ’montes
595 2095 961 2177 intuebar.
1062 2088 1500 2168 Sentiebam
1562 2085 1898 2187 primum
1960 2083 2206 2177 ipsum

209 2197 744 2293 ‘theologum
772 2244 796 2268 ,
878 2193 1053 2269 dein
1118 2178 1768 2292 prudentiffimam
1820 2181 1976 2266 ejus
2050 2202 2209 2253 ma-

211 2312 554 2370 tronam
588 2289 999 2388 coniugem
1028 2334 1051 2371 ‚
1082 2306 1266 2362 eum
1316 2277 1682 2358 omnibus
1715 2268 2157 2355 domesticis
2183 2321 2210 2359 ‚

206 2387 430 2467 *mihi
456 2390 642 2467 inde
681 2386 1040 2463 faventes.
1143 2380 1335 2457 Non
1394 2376 1675 2451 diutius
1725 2392 1915 2468 ergo
1984 2394 2210 2470 expe·

213 2486 605 2563 standum
650 2484 791 2560 effe
817 2498 1058 2565 ratus,
1107 2472 1513 2580 postquam
1541 2471 1857 2548 Numen
1896 2464 2214 2547 coeleste

216 2584 330 2660 ita
374 2583 749 2680 direxiffet
812 2578 1151 2679 semitam
1193 2581 1504 2649 meam,
1548 2590 1678 2667 per
1726 2563 1907 2667 saepe
1954 2564 2208 2641 nomi·

218 2699 503 2757 natum
560 2671 1060 2754 Avunculum
1143 2688 1408 2745 meum
1482 2662 1755 2740 ambiri
1805 2661 2063 2736 curavi
2125 2658 2209 2734 fi-

220 2776 417 2852 liam
469 2774 1014 2852 Dorotheam,
1054 2788 1292 2938 {uam
1332 2779 1753 2858 paucorum
1776 2757 2212 2835 dietum'in-

210 2872 557 2948 'tervallo‘
590 2869 922 2966 benigne
965 2866 1067 2939 mi
1129 2864 1153 2939 i
1221 2863 1418 2937 circa
1455 2854 1692 2931 finem
1757 2854 1928 2928 anni
2003 2861 2207 2935 1687.

214 2967 622 3045 ‘addiciam
678 2980 1020 3058 expertus
1080 2959 1291 3036 sum,
1365 2949 1821 3026 admirandis
1875 2947 2022 3025 Dei
2072 2949 2212 3022 viis

224 3063 578 3142 laudatis.
686 3060 1047 3136 Parantur
1090 3053 1186 3130 ad
1250 3049 1489 3128 finem
1543 3044 1827 3123 -menfis
1878 3043 2213 3132 Januarii

234 3162 406 3235 ‘anni
445 3167 651 3239 1688.
677 3156 982 3254 nuptiae,
1017 3147 1452 3228 benedistio
1503 3143 2081 3219 matrimonialis
2133 3140 2214 3213 in

254 3256 571 3342 sebach,
616 3253 749 3330 ubi
792 3248 1051 3329 multis
1093 3265 1267 3323 ante
1298 3242 1512 3317 annis
1560 3230 2216 3314 Venerabilis-So-

255 3375 368 3429 cer
399 3355 744 3447 primum
827 3341 1233 3421 Pastorem
1265 3341 1459 3435 egit,
1519 3355 1635 3412 res
1680 3332 2063 3410 familiaris
2108 3331 2217 3403 in·

240 3441 573 3536 stituitur,
606 3438 797 3552 post
840 3441 1139 3538 aliquot
1179 3435 1759 3531 septimanarum
1813 3428 1889 3501 in
1927 3423 2216 3502 aedibus

176 3581 177 3586 ¹
223 3553 533 3649 paternis
592 3537 1377 3623 commorationem,
1465 3528 1700 3627 prima
1753 3520 1978 3598 nobis
2029 3541 2217 3597 con·-

216 3645 418 3731 ‘dusta
459 3638 874 3725 habitatio
907 3630 1050 3707 fuit
1083 3678 1106 3714 ‚
1148 3643 1340 3704 mox
1382 3637 1671 3701 mutata
1732 3619 1811 3698 iu
1843 3621 2002 3698 aliis
2029 3613 2073 3691 ὲ
2109 3618 2213 3694 D.

180 3744 595 3888 ,W⁰.¹P¹²¹⁰
631 3727 1117 3828 comparatis
1149 3721 1455 3802 aedibus·
2047 3803 2224 3891 mic
