2590 4326
387 115 554 198 166
1084 104 1226 238 ἧς
1341 106 1501 236 31(v
1563 105 1725 213 U&
1786 134 1836 170 «ν

383 291 827 375 docendam
908 288 1225 368 Theolo
1282 293 1435 367 iam
1530 284 2014 370 adhiberetur
2056 338 2079 373 ‚
2143 282 2384 368 ‘visus

384 387 498 469 est
541 394 784 488 magis
839 387 913 463 di
971 409 1138 464 uus·
1271 383 1720 466 ULLERO.
1835 381 2157 477 Qi'nto:
2232 390 2379 465 it'a-

384 509 539 588 que
586 505 763 564 ante
799 485 910 560 Ca
946 538 963 556 .
988 484 1379 573 Maiianni
1410 476 1936 572 MDCLxxn
1987 499 2381 559 vetorum

384 587 753 674 amnium
807 578 1012 659 cons
1046 583 1372 672 iratione
1445 576 1919 675 Theologiae
1982 575 2384 659 Profefl'ot

386 680 535 760 fuit
586 698 902 757 creatus.
1038 703 1090 755 n
1160 677 1321 758 hoc
1371 672 1827 758 constitutus
1871 674 2063 752 loco
2084 721 2107 760 ,
2150 676 2381 775 quod

245 850 262 856 „
388 780 464 855 ei
522 774 1064 855 sanfflffimum·
1096 772 1392 879 semper
1431 769 1541 851 est
1578 770 1879 854 visum,
1942 770 2138 851 nihil
2170 775 2381 874 prius

388 891 525 950 aut
575 875 963 969 antiquius
1032 870 1299 949 habuit
1345 922 1370 958 ,
1419 885 1788 971 quamut
1832 889 2158 947 omnem
2206 894 2382 948 mu—

386 970 589 1061 neris
666 967 773 1046 sui
829 991 1124 1073 partem
1177 969 1446 1070 quoad
1492 963 1733 1065 poffet
1783 965 2151 1063 expleret,
2246 992 2384 1045 ne·-
2458 1003 2473 1024 ι

390 1091 548 1166 que
621 1069 746 1148 vel
805 1068 1117 1170 publice
1168 1067 1288 1145 vel
1348 1066 1707 1170 privatim
1754 1062 2007 1139 ullum
2055 1064 2377 1163 diligen-

388 1168 513 1240 tiae
566 1186 806 1262 genus
866 1167 950 1240 in
1000 1163 1072 1242 se
1124 1181 1502 1267 pateretur
1562 1154 1988 1237 defiderari.
2127 1160 2382 1239 Com-

387 1261 642 1360 plures
678 1284 864 1339 tunc
895 1263 1265 1366 temporis
1292 1257 1718 1336 elaboravit
1771 1251 2377 1341 Diffettatione&

450 1379 727 1434 uarum
812 1357 1009 1434 infra
1101 1356 1528 1446 subjicietur
1622 1349 1993 1432 recenlio.
2132 1353 2235 1431 Im
2286 1377 2387 1433 ea-

455 1458 718 1532 atione
765 1454 864 1531 ad
915 1452 1155 1534 finem
1223 1452 1460 1551 usque
1518 1451 1691 1530 vitae
1750 1449 2200 1549 permansit,
2265 1470 2380 1529 at-

391 1573 547 1649 que
591 1554 696 1627 ita
747 1551 1089 1629 Ecclesiae
1141 1552 1219 1629 ὀτ
1270 1547 1716 1629 Academiae
1812 1545 1907 1621 ad
1944 1567 2406 1648 extremum.

387 1650 733 1747 spiritum
800 1648 1136 1749 praestitit
1170 1644 1552 1727 officium,
1660 1641 1937 1722 Incidit
2004 1645 2381 1741 ejusbobi-

388 1762 510 1821 rus
554 1747 633 1820 in
686 1742 761 1819 d.
785 1770 906 1833 29.
949 1745 1406 1837 Decembris
1454 1741 1637 1817 anni
1709 1738 2383 1830 MDCLXXXIV,

388 1858 639 1935 quum
735 1864 986 1920 annos
1046 1844 1325 1922 vixiss‘et
1385 1839 1936 1937 quinquaginta
1992 1839 2381 1940 quinque,

391 1938 476 2012 &-
520 1938 659 2036 qui
708 1957 1118 2016 excurrunt
1183 1935 1478 2013 menses
1506 1932 1690 2046 'fere
1737 1933 2052 2034 septem.
2115 1938 2388 2034 Qan-

389 2052 561 2109 tum
619 2038 901 2113 vulnus
950 2055 1403 2137 praematura
1458 2054 1613 2123 ejus
1666 2045 1957 2108 morte.
2000 2056 2117 2111 res
2173 2055 2393 2112 acce-

389 2135 586 2233 perit
617 2129 989 2213 Literatia
1017 2185 1039 2214 ‚
1110 2136 1285 2228 imo*
1350 2127 1719 2210 Ecclesia,
1811 2147 2193 2226 quantum
2277 2127 2389 2209 sui

388 2229 600 2326 apud
651 2230 924 2306 bonos
972 2252 1251 2308 omnes
1310 2226 1706 2322 reliquerit
1749 2221 2238 2313 desiderium,
2276 2224 2393 2306 fa-

391 2326 541 2405 cile
585 2325 1252 2428 comprehendent
1291 2327 1432 2425 qui
1459 2340 1794 2409 norunt,
1847 2340 2017 2402 tum
2062 2327 2390 2404 demum

392 2420 678 2501 nostra*
714 2444 864 2500 nos
940 2424 1368 2522 intelligere
1439 2423 1696 2502 bona,
1778 2440 2031 2518 quum
2083 2443 2255 2522 quae
2300 2423 2388 2500 in

382 2513 769 2622 potestate
811 2515 1280 2605 habuimus,
1333 2542 1426 2597 ea
1460 2513 1885 2595 amifinius.

427 2750 430 2751 f
487 2661 713 2740 Plura
758 2662 1108 2761 ingenii,
1195 2662 1650 2744 eruditionis
1715 2661 2154 2765 omnigenae
2204 2713 2231 2751 ‚
2308 2664 2391 2743 ὅ(

445 2758 685 2836 ieratis
738 2763 1032 2839 eximiae
1070 2762 1374 2862 reliquit
1408 2777 1924 2838 monumenta
1958 2810 1983 2846 ,
2056 2783 2392 2863 quarum

443 2874 712 2934 revem
800 2856 1192 2938 subtexere
1267 2858 1486 2936 lubet
1548 2857 2003 2935 indiculum.
2168 2860 2390 2937 Cum

386 2951 811 3053 Groningae
855 2953 1091 3032 Musis
1160 2955 1408 3033 litaret
1455 3002 1482 3040 ‚
1566 2950 1700 3031 sub
1762 2953 2107 3050 praefidlo
2153 2959 2390 3029 Mare-

373 3047 698 3141 fiiduas
757 3047 1102 3130 defendit
1159 3048 1749 3138 dissertationes,
1801 3074 2039 3129 unam
2090 3052 2189 3131 ad
2240 3070 2393 3131 tet-

383 3148 593 3222 tium
693 3167 1157 3248 praeceptum
1224 3150 1425 3227 inter
1483 3171 1645 3239 513.
1711 3170 2081 3252 praecepta
2162 3151 2394 3247 legis,

386 3241 709 3321 alteram
788 3242 884 3318 de
933 3243 1431 3324 Catechismo
1557 3248 1762 3321 ratiae
1822 3245 2173 3326 adver-sus
2248 3246 2392 3321 Va-

385 3339 549 3412 lent.
576 3341 1034 3416 Raudourium.
1140 3341 1437 3420 Ibidem
1542 3338 1828 3423 efendit
1911 3344 2071 3433 θαι.
2104 3342 2392 3458 Altingii

387 3437 698 3513 'tertiam
775 3435 876 3515 de
911 3438 1365 3521 nominibus
1449 3436 1763 3537 Linguae
1832 3439 2176 3519 Hebraeae
2242 3436 2388 3515 dis-

384 3532 903 3610 sertationem,
956 3557 1193 3632 quam
1250 3534 1537 3618 decade
1574 3532 1893 3628 ἔπιμέἹςων
1940 3535 2156 3617 haud
2206 3557 2391 3637 pro-

383 3626 729 3705 letatiam
802 3630 1320 3710 eruditionem
1388 3633 1889 3737 prodentium
1940 3636 2168 3714 auxit.
2222 3632 2390 3711 Sub

383 3721 735 3828 praesidio
778 3727 973 3806 item
1021 3732 1376 3810 Widm-arii
1425 3730 2037 3833 disquifitionem
2060 3734 2171 3817 de
2197 3754 2392 3811 con-

1308 3879 1312 3899 ι
2200 3845 2390 3921 ‚tro-
