2590 4326
427 169 579 266 5³8
1110 159 1272 265 ἐκ
1356 159 1466 264 >ts
1576 163 1733 266 ’θ’
2254 270 2259 297 ,Ἴ
2384 298 2391 299 ἢ

424 341 568 419 Sed
606 366 688 418 ea
714 362 844 416 cor
898 341 1043 415 oris
1079 339 1347 414 viribus
1368 294 2018 436 ma—Tsssagisque
2047 314 2377 439 deficien-

419 440 732 524 tibus,&'
762 436 852 513 de
882 439 1019 513 irio
1059 459 1153 511 ex
1189 437 1465 531 cetebri
1524 431 1782 512 aefione
1797 434 2389 539 accedente,pau--

424 536 629 613 latim
663 533 1221 610 imminuebatur
1264 546 1481 632 atque
1502 533 1986 610 evanescebat.

524 638 760 721 Omni
792 653 1034 718 autem
1064 637 1195 714 illo
1242 651 1578 736 tempore
1603 692 1623 723 ,
1650 658 1804 735 quo
1841 636 2197 716 decubuit
2215 696 2236 727 ‚
2267 639 2371 719 etfi

425 758 982 838 nonnunquam,
1020 734 1183 811 laeso
1268 737 1494 834 uippe
1534 735 1834 810 cerebro
1849 789 1872 821 ,
1887 733 2227 833 phrenesi
2261 739 2368 814 *de-

323 841 340 851 *
396 825 633 917 lirare
661 831 999 911 nonnihil
1033 833 1108 908 &
1151 826 1201 906 d
1271 854 1469 930 ipere
1508 851 1629 906 coe
1682 831 1761 919 it,
1850 830 2112 909 lurima
2142 848 2360 911 tamen

428 930 619 1019 fidei,
653 929 1011 1031 patientiae
1029 983 1052 1016 ,
1134 930 1561 1027 pietatisque
1638 951 1750 1004 uae
1828 943 2229 1006 ocumenta
2262 931 2364 1007 de-

428 1030 559 1115 dit,
589 1053 726 1104 nec
763 1026 983 1102 ullam
1006 1024 1155 1100 fere
1177 1047 1445 1119 vocem
1480 1022 1597 1099 vel
1637 1025 2104 1123 impatientiae
2128 1027 2368 1104 velcu·

350 1126 355 1131 ’
480 1125 742 1202 iditatis
778 1121 1107 1221 vindictae
1138 1120 1456 1197 indicem
1483 1119 1728 1196 edidit.
1780 1118 2118 1198 Precatus
2161 1123 2265 1198 est
2286 1123 2366 1199 as-

409 1149 623 1301 „fidue
654 1219 1100 1305 &ardenter,
1119 1218 1193 1293 &
1230 1217 1528 1297 salutem
1558 1216 1757 1292 suam
1795 1214 1968 1302 Deo
2000 1242 2369 1303 commen..

425 1321 644 1407 davit,
690 1319 895 1414 cujus
932 1316 1140 1393 testes
1176 1312 1342 1391 sunt
1364 1336 1537 1395 cum
1577 1313 1898 1400 alii‚tum
1946 1313 2100 1391 duo
2134 1311 2369 1393 Eccle-

415 1417 539 1495 ‘fiae
595 1416 784 1493 illius
819 1413 1153 1498 Ministri,
1183 1412 1317 1486 viri
1365 1408 1505 1485 fide
1543 1409 1616 1486 di
1728 1412 1743 1425 ’
1907 1412 1948 1496 ”,
1983 1416 2216 1485 Beatus
2264 1424 2371 1509 Eg-

402 1523 566 1613 stein
607 1513 681 1590 Sc
712 1513 962 1588 Samuel
990 1507 1414 1604 Hoffinannus
1430 1564 1450 1594 ,
1484 1505 1603 1582 ille
1684 1505 2158 1606 enosylvanus
2191 1565 2214 1594 ,
2261 1509 2370 1586 hic

424 1606 746 1688 Saxenfis
792 1606 1074 1694 Pastor,
1126 1606 1308 1706 quin
1359 1606 1573 1681 etiam
1609 1602 1878 1689 Mortis
1916 1606 2365 1703 periculum,

424 1705 631 1809 qu'od
665 1704 812 1804 ipse
842 1702 1209 1787 sentiebat,
1228 1702 1463 1781 verbis
1494 1698 1919 1777 diffimulare
1957 1703 2371 1788 conabatur,

423 1829 518 1881 ne
558 1801 771 1880 Uxor
817 1801 969 1897 ejus
1008 1820 1257 1875 recens
1299 1795 1659 1898 Puerpera
1711 1795 1968 1876 dolore
2017 1801 2238 1877 nimis
2283 1814 2373 1876 at-

423 1922 567 2005 que
593 1910 814 1976 ‘metu
871 1898 1419 1973 excruciaretur.

513 2026 848 2107 Tandem
884 2025 1153 2102 morbo
1190 2017 1663 2100 invalescente
1679 2077 1702 2110 ,
1739 2022 1858 2101 die
1905 2028 1995 2103 ἡ
2031 2025 2240 2130 Maji‚
2256 2037 2368 2135 qui
2482 2104 2483 2111 Ν

416 2124 559 2204 fuit
593 2147 833 2201 nonus
867 2123 954 2226 ab
991 2134 1299 2221 accepto
1340 2113 1674 2207 vuhiere‘,
1706 2118 1834 2199 sub
1870 2124 2171 2206 noctem
2206 2155 2371 2232 prae-

418 2221 631 2307 miflis
673 2224 810 2321 piis'
853 2220 1187 2320 precibus
1209 2273 1232 2303 ,
1290 2239 1383 2293 ex
1413 2216 1548 2292 hac
1576 2220 1723 2294 vita
1759 2216 2372 2322 niigravit,morte

361 2332 366 2336 ’
418 2320 601 2399 adeo
629 2317 777 2394 leni
817 2340 899 2392 ac
935 2313 1239 2414 placida,
1255 2326 1340 2390 ut
1386 2312 1810 2392 dormientis
1878 2321 2104 2404 ¹otius
2163 2348 2374 2424 quam
2482 2359 2483 2408 ;

391 2418 792 2500 .morientis
828 2412 1139 2512 speciem
1166 2434 1315 2510 prae
1357 2409 1424 2485 se
1446 2410 1734 2487 tulerit.
1923 2429 2032 2491 ter
2072 2416 2210 2497 alia
2256 2446 2372 2499 au·
2482 2461 2483 2516 3

414 2530 570 2592 tem
614 2513 763 2588 hoc
790 2532 1087 2611 quoque
1116 2508 1450 2583 maximae
1484 2508 1941 2607 benignitatis
1973 2511 2235 2612 divinae
2264 2518 2383 2596 102
2482 2533 2483 2540 '

417 2634 510 2688 co
546 2605 646 2686 est
686 2600 1215 2683 numerandum
1233 2658 1257 2690 ,
1311 2602 1515 2703 quod
1564 2626 1724 2686 non
1769 2596 1810 2681 ὲ
1889 2609 2197 2709 vestigio
2222 2669 2242 2700 ,
2292 2629 2379 2690 ut

413 2729 668 2785 rumor
717 2705 804 2779 ab
854 2704 1065 2777 initio
1117 2700 1426 2785 ferebat,
1478 2697 1892 2798 graviflimis
1927 2701 2078 2783 istis
2119 2710 2374 2787 vulne.

412 2804 608 2881 ribus
657 2820 922 2899 magna
948 2797 1327 2896 sanguinis
1346 2799 1559 2895 copia
1590 2797 1880 2896 profusa
1894 2857 1916 2888 ,
1955 2800 2312 2903 expiravit
2348 2859 2374 2895 ,

410 2899 533 2979 sed
581 2897 881 2976 demum
912 2890 1338 2992 interposito
1393 2892 1562 2968 odio
1611 2893 1893 2972 dierum
1930 2896 2319 2980 intervallo
2351 2960 2373 2990 ,

333 3029 336 3038 «
468 3020 569 3073 uo
604 2990 990 3098 ‘implorata
1024 2988 1175 3068 Dei
1240 2984 1720 3086 misericordia
1758 3047 1781 3077 ,
1846 2994 1926 3067 ’δε
1973 2994 2213 3090 anima
2236 2999 2383 3075 suis

425 3094 848 3190 quorumque
887 3090 1026 3188 piis
1080 3089 1267 3163 votis
1314 3079 1486 3166 Deo
1511 3083 2134 3190 commendata,ad
2176 3119 2381 3172 mot..

413 3207 569 3269 tem
601 3191 674 3263 ὃς
716 3191 936 3263 vitam
963 3197 1300 3260 aeternam
1331 3174 1467 3258 sese
1494 3180 1937 3282 praeparavit,
1977 3212 2149 3265 cum
2170 3189 2381 3270 Con-
2482 3203 2483 3278 ἴ

415 3290 605 3386 ῇυςε
634 3286 708 3360 &
756 3283 905 3360 aliis
979 3275 1385 3356 domesticis
1439 3277 1801 3379 colloqui,
1822 3340 1826 3344 .
1851 3285 2220 3386 animique
2272 3288 2380 3365 sui

415 3382 606 3461 sensa
643 3404 726 3458 ac
753 3377 1320 3458 voluntatemiis
1365 3374 1719 3452 declarare
1764 3385 2032 3477 potuit.
2135 3379 2259 3461 Sic
2286 3383 2384 3462 l]-

415 3472 649 3556 lustris
698 3499 781 3552 ac
820 3472 1052 3550 Fortis
1121 3470 1382 3557 Heros,
1425 3474 1552 3571 qui
1581 3477 1975 3554 maximam
2024 3480 2192 3555 vitae
2238 3481 2386 3559 suae

414 3590 695 3674 partem
739 3575 817 3648 in
851 3568 1093 3649 multis
1132 3624 1153 3657 ,
1201 3570 1432 3671 iisque
1477 3569 1890 3671 periculosis
1943 3597 2029 3654 ac
2057 3576 2385 3676 graviffi-
