2590 4326
947 118 950 129 ·
1013 75 1153 184 ve
1212 70 1492 181 >wat
2054 97 2217 189 397

329 253 535 333 Nihil
562 255 665 332 est
702 253 887 335 Aud.
920 252 1125 354 quod
1173 251 1461 352 insuper
1491 264 1629 329 nos
1666 256 1892 366 magis
1922 269 2206 345 terreat,

227 365 357 434 aut
402 366 719 427 mortem
766 352 982 428 nobis
1031 347 1515 427 difficiliorem
1552 350 1627 426 Sc
1646 350 2027 429 tristlorem
2047 355 2233 432 τεά..

227 448 357 525 dat
380 503 405 535 ,
466 471 684 548 quam
724 448 1027 547 inopina
1099 446 1465 524 moriendi
1512 444 1890 525 neceffitas.
1994 463 2048 526 ο
2087 462 2212 526 mi-

209 547 436 639 smem
507 571 605 618 me
625 574 668 632 ‚⁷
707 555 818 642 qm‘
862 550 1105 637 vastum
1171 563 1376 618 mente
1439 552 1769 640 imperium
1816 548 2164 643 complexus
2178 604 2203 636 ,

202 642 517 736 adver-fin
546 652 757 717 omnia
780 644 1064 739 pericula
1099 668 1195 741 me
1233 650 1482 715 mmtivi
1524 660 1944 740 praeterquam
1981 647 2213 718 adver.

211 740 315 836 sus
356 759 647 826 mortem,
680 748 792 837 qui
872 768 905 812 e
995 748 1062 813 ui
1088 766 1220 813 nun
1286 766 1412 811 tam
1458 735 1768 834 cogitavi,
1812 766 1908 811 me
1941 760 2075 813 tam
2118 750 2210 814 ci·-

207 855 294 914 to
352 845 764 924 morinown,
879 768 1040 913 raiis
1083 836 1174 912 δι’
1266 838 1451 914 tima
1482 831 1738 912 famofi
1788 834 1975 913 illius
2021 840 2224 930 (Μὰ-ν

228 936 315 1006 ris
365 939 606 1030 Borgiae
638 989 659 1021 ,
700 957 871 1011 cum
895 932 1045 1011 aliis
1079 931 1456 1011 miscuerat
1514 934 1850 1011 toxicum
1869 989 1889 1020 ‚
1946 933 2204 1010 inscius

226 1028 571 1117 hauriret,
614 1054 767 1108 vox
797 1030 953 1107 fuit.
1051 1027 1277 1131 Atqui
1301 1052 1500 1106 mors
1529 1030 1806 1106 nemini
1837 1031 2074 1108 minus
2102 1032 2208 1108 est

227 1128 533 1229 inopina
550 1182 574 1214 ,
610 1130 886 1203 nemini
914 1130 1140 1227 magis
1167 1124 1487 1228 praevila,
1527 1148 1748 1240 quam
1793 1125 1900 1202 illi
1957 1130 2085 1228 qui
2120 1127 2208 1204 il-
2273 1143 2278 1149 ’

230 1222 382 1299 lam
411 1222 812 1300 identidem
842 1223 1248 1311 meditatur,
1284 1226 1562 1300 nemim
1603 1245 1784 1321 ergo
1820 1228 2038 1302 etiam
2099 1225 2205 1303 fa-

226 1319 445 1399 cilior
484 1375 507 1407 ‚
583 1321 659 1397 &
685 1323 914 1421 magis
959 1322 1277 1398 innoxia.
1379 1318 1459 1401 N
1457 1344 1575 1398 am
1598 1317 1917 1414 jaculum
1944 1325 2204 1401 mortis

227 1413 611 1518 praevisum
661 1420 904 1494 minus
968 1431 1190 1495 nocet
1206 1473 1229 1505 ,
1327 1441 1527 1495 mors
1583 1415 1831 1515 saepius
1883 1420 2202 1517 cogitata

223 1512 525 1591 mollius
608 1514 875 1592 sternit.
973 1511 1318 1616 Denique
1342 1552 1344 1555 v
1370 1512 1553 1593 Aud.
1591 1527 1909 1592 mortem
1950 1516 2202 1594 crebra

228 1608 706 1689 meditatione
739 1611 954 1689 nobis
993 1611 1363 1691 reddimus
1403 1611 1870 1689 domesticam
1895 1613 1970 1688 &
1993 1611 2200 1690 fami-

223 1706 499 1785 liarem.
600 1707 838 1811 Atque
871 1731 1026 1785 non
1051 1708 1580 1794 extimescimus
1642 1732 1724 1785 ea
1764 1710 2025 1811 quibus
2050 1713 2195 1788 uti-

227 1826 399 1880 mur
440 1805 518 1879 in
553 1803 821 1884 aedibus
850 1804 1304 1883 familiariter.
1410 1802 1725 1883 Efferatae
1756 1807 2200 1886 immanitate

228 1898 489 1976 belluae
536 1901 880 2002 exemplo
926 1901 1106 1979 sunt.
1205 1900 1324 1979 Ad
1383 1904 1704 2001 primum
1788 1926 2035 1981 earum
2079 1904 2199 1981 vel

219 1995 585 2098 aspedtum
619 1999 1199 2077 commoveberis
1232 2000 1477 2075 animo
1495 2052 1513 2083 ,
1556 2000 1630 2073 δε
1668 2011 1835 2077 toto
1885 2022 2198 2099 corpore

222 2092 739 2195 perhorresceS.
836 2093 915 2173 Si
944 2095 1199 2173 iisdem
1225 2095 1358 2172 lon
1410 2095 1551 2172 iori
1572 2091 1704 2172 die>
1749 2094 2196 2196 aliquantum

224 2194 568 2293 mitigatis
589 2192 854 2269 diutius
886 2189 1280 2280 assueveris‚
1324 2118 1508 2269 ageo
1546 2214 1852 2270 omnem
1910 2192 2195 2272 illarum

221 2301 581 2367 terrorem
607 2345 628 2376 ‚
665 2288 1192 2393 horroremque
1233 2290 1560 2390 depones
1606 2345 1629 2377 ,
1682 2304 1766 2367 ut
1803 2288 1941 2366 illis
1976 2293 2193 2368 etiam

221 2384 416 2463 colla
465 2383 887 2463 inflantibus
908 2441 929 2475 ‚
986 2389 1063 2464 &
1113 2387 1318 2485 jubas
1349 2388 1612 2464 minaci
1646 2386 1888 2464 fronte
1917 2410 2193 2486 concu-

221 2482 567 2560 tientibus
592 2538 612 2569 ‚
647 2483 1059 2580 joculariter
1083 2484 1610 2572 adludiaturuS.
1660 2484 1734 2559 δε
1758 2483 2193 2562 familiariter

224 2602 398 2656 cum
422 2578 562 2658 illis
597 2580 1075 2667 cavillatums,
1095 2583 1246 2658 imo
1274 2604 1431 2674 non
1464 2581 1913 2660 dubitaturus
1960 2578 2192 2670 {isael

220 2672 462 2777 ipsum
495 2674 925 2755 cariffimum
1001 2690 1211 2754 tuum
1252 2677 1359 2755 Ca
1415 2692 1518 2765 ut,
1590 2682 1666 2754 in
1700 2676 1883 2757 fulvi
1920 2676 2189 2756 Leonis

218 2784 348 2853 aut
373 2786 600 2850 torvae
638 2771 913 2854 Leaenae
945 2787 1231 2874 apertos
1266 2777 1328 2868 ri
1398 2799 1479 2850 us
1508 2819 1527 2860 ς
1556 2774 2013 2875 ἀίἀυξὶειεςυε
2035 2777 2190 2852 fau-

162 2880 170 2888 '
216 2888 344 2952 ces
361 2924 384 2957 ‚
419 2869 750 2947 medium
788 2870 1124 2948 condere.
1221 2867 1308 2948 Id
1360 2871 2025 2974 quodnuperrimis
2061 2899 2188 2950 an-
2241 2913 2246 2924 ·

217 2970 333 3046 nis
359 2967 545 3043 intra
580 2969 850 3043 moenia
888 2967 1129 3046 nostra
1153 3022 1175 3053 ‚
1231 2966 1419 3045 hisce
1452 2972 1630 3045 meis
1678 2967 1929 3045 oculis
1966 2995 2007 3045 a
2064 2993 2188 3047 me

216 3061 451 3142 visum
494 3060 632 3143 effe
712 3062 890 3140 dum
937 3066 1165 3141 vitam
1230 3066 1404 3142 vivo
1451 3063 1728 3166 semper
1758 3067 2183 3142 meminero.

216 3160 335 3242 Ad
381 3159 699 3256 eundem
732 3159 801 3237 se
838 3185 951 3239 res
1001 3159 1218 3238 habet
1261 3161 1604 3249 modum,
1654 3185 1826 3239 cum
1852 3176 2184 3250 extremo

151 3325 160 3332 .
217 3257 558 3336 omnium
606 3277 848 3334 rerum
874 3271 1131 3336 morte.
1230 3256 1655 3360 Priusquam
1680 3257 1783 3335 illi
1800 3258 2059 3336 redditi
2075 3256 2186 3334 su-

221 3378 384 3435 mus
422 3354 669 3431 crebra
698 3354 1166 3433 meditatione
1204 3353 1579 3433 familiares
1604 3411 1626 3442 ,
1676 3354 1794 3432 vel
1815 3355 1961 3433 sola
1988 3377 2187 3430 mor-

209 3454 310 3531 tis
334 3452 618 3532 mentio
640 3507 661 3538 ‚
743 3473 879 3527 nos
919 3451 1070 3528 fere
1112 3454 1471 3530 exanimat
1507 3467 1579 3531 at
1630 3475 1724 3528 ue
1755 3451 1844 3529 ad
1868 3464 2186 3531 mortem

209 3548 362 3629 dat.
437 3545 658 3630 »Cum
698 3569 875 3626 vero
924 3546 1285 3721 longior?2
1317 3547 1538 3653 affuet
1644 3551 1658 3565 ‘
1716 3571 1756 3625 e
1803 3547 2185 3630 didicimus

1305 3667 1348 3720 c
1393 3665 1446 3737 4
2018 3666 2190 3721 cum
