2590 4326
329 34 558 195 “4²8
1174 60 1314 162 2&
1356 60 1520 156 =)‚·‹c
1582 55 1715 145 ὃὸ

1711 191 1850 209 —

449 237 893 315 rehendendi
946 292 970 323 ,
1068 237 1510 334 corripiendi
1558 235 1629 312 &
1681 235 1846 310 dete
1902 236 2074 311 endi
2149 247 2374 321 erant.

468 338 544 412 it.
564 334 617 411 I.
666 358 774 409 11.
819 353 927 425 13.
1011 355 1041 405 1
1084 332 1278 412 Tim.
1332 330 1425 410 V.
1476 353 1587 408 20.
1641 330 1818 410 Phil.
1926 330 1978 407 Ι.
2036 352 2105 407 2.
2149 327 2375 408 Rom.

397 430 606 510 XVI.
660 453 720 521 3.
776 425 922 506 Tit.
955 427 1077 507 ΠΙ.
1135 453 1242 507 10.
1289 452 1395 507 11.
1463 452 1489 503 1
1535 427 1724 508 Tim.
1774 426 1901 505 VI.
1957 448 2103 517 3-5..
2157 441 2383 525 atque

398 532 498 610 ita
535 531 614 603 in
648 528 758 625 his
805 523 1191 602 neceffario
1224 526 1653 618 ὃικαεοκςισίσι
1685 524 1805 600 seu
1847 533 2021 620 κρίσις
2054 523 2387 621 legitima

401 625 800 705 exercenda
846 637 1010 700 erat.
1073 646 1101 696 1
1130 622 1324 704 Tim.
1353 621 1477 706 IV.
1514 626 1652 699 1-6.

503 883 1156 977 Qemadmodum
1194 795 1440 962 afftem
1484 883 1775 960 arcendi
1828 895 2028 958 erant
2070 879 2395 981 pseudo-

405 978 767 1064 Dot’tores
809 981 849 1058 a
879 984 1414 1060 communione
1451 979 1802 1068 Ecclefiae,
1851 983 1950 1057 ita
2005 980 2079 1056 δε
2106 989 2386 1076 Marga-

408 1087 546 1156 ritae
583 1087 796 1173 porcis
826 1107 951 1157 non
998 1099 1180 1153 erant
1203 1080 1614 1177 projicienda.
2368 1080 2375 1089 ’

505 1170 640 1252 Per
690 1183 1093 1273 Margaritas
1127 1175 1276 1254 hoc
1322 1176 1496 1253 loco
1526 1174 1999 1274 intelligimus
2049 1186 2215 1247 tum
2253 1171 2391 1248 do-

409 1293 503 1348 na
590 1269 895 1372 Spiritus
975 1272 1043 1350 S.
1094 1273 1401 1373 pretiosa
1450 1270 1515 1350 A
1570 1272 1816 1348 ostolis
1860 1273 1937 1348 in
1989 1269 2388 1345 ministerio

319 1454 324 1457 ,
412 1362 787 1468 Evangelii
819 1369 1229 1449 exercendo
1250 1394 1480 1447 conce
1539 1394 1598 1453 a,
1619 1392 1837 1468 quare
1873 1365 2198 1445 Salvator
2228 1368 2388 1454 ὐμῶν

414 1461 636 1552 addit,
656 1470 891 1558 vestras
931 1469 1370 1564 margaritas,
1405 1464 1637 1542 Math.
1673 1462 1776 1544 X.
1819 1477 1882 1554 8.
1937 1477 2099 1541 tum
2124 1462 2392 1539 doetri-

410 1580 583 1641 nam
615 1560 850 1637 salutis
881 1562 956 1637 Sc
994 1561 1495 1662 promiffiones
1551 1563 1701 1657 ejus
1745 1558 2177 1660 largiffnnas,
2230 1583 2392 1658 quae.

410 1653 538 1751 sub
598 1655 1029 1736 emblemate
1092 1673 1408 1738 Ε’δῠῦπ
1445 1668 1745 1734 unionum
1788 1658 1863 1733 &
1896 1667 2392 1752 margaritmwn

413 1753 1174 1923 groponmmr.Prov.
1195 1751 1318 1834 ΠΙ.
1365 1776 1472 1845 15.
1523 1753 1843 1833 VHI.11.
1896 1752 2205 1845 XX.15.
2260 1749 2392 1831 Ea-

467 1873 587 1924 em
652 1842 1059 1949 defignatur
1097 1875 1230 1952 per
1278 1860 1689 1948 margaritam
1725 1851 1923 1929 illam
1963 1849 2388 1950 pretiosam,

416 1948 637 2045 quam
674 1968 985 2023 mercator
1014 1948 1134 2024 ille
1181 2005 1204 2034 ‚
1247 1949 1555 2024 venditis
1598 1948 1812 2039 bonis
1848 1949 2216 2032 omnibus,
2269 1944 2390 2024 fibi

416 2065 590 2118 corn
644 2067 835 2123 arare
881 2043 1206 2134 studebat
1252 2043 1512 2123 Matth.
1544 2042 1752 2123 XHI.
1802 2065 1920 2136 45.
1954 2056 2071 2136 46.
2101 2045 2105 2049 ’
2131 2042 2221 2121 In
2254 2067 2390 2142 qua

470 2163 584 2217 ara
631 2139 754 2241 ,ola
794 2143 1012 2240 primi
1045 2142 1360 2219 veritatis
1391 2142 1618 2228 testes,
1665 2141 2067 2220 doetrinam
2100 2143 2392 2240 aposto-

436 2238 634 2327 ‚icam¹
673 2295 693 2325 ,
729 2237 1073 2336 negleffis
1100 2237 1604 2316 traditionibus
1650 2238 1982 2314 humanis
2029 2238 2405 2315 Antichri-

363 2379 370 2398 κ
418 2332 769 2418 stianismi,
809 2336 1058 2431 magni
1101 2331 1517 2412 aestimantes
1545 2393 1566 2422 ‚
1617 2360 1920 2436 eamque
1966 2333 2242 2413 solicite
2273 2336 2397 2411 de-

420 2428 812 2530 fendentes'
824 2428 911 2504 de
968 2432 1336 2528 inguntur.

427 2615 432 2620 ἢ
516 2523 741 2610 Dona
782 2549 864 2616 ac
975 2549 1116 2601 ona
1165 2525 1320 2601 haec
1377 2525 1758 2625 spiritualia
1802 2553 1976 2604 cum
2035 2532 2397 2626 margaritis

420 2635 978 2719 comparantur3
1028 2630 1174 2716 quia
1207 2632 1276 2697 in
1330 2624 1549 2700 corde
1625 2623 1950 2702 Ecclefiae
1997 2649 2135 2702 ceu
2173 2624 2398 2700 concha

422 2715 874 2808 adservantur
915 2717 1136 2795 Zach.
1188 2716 1322 2796 IV.
1351 2742 1408 2793 1.
1433 2741 1494 2795 2.
1550 2732 1698 2817 quia
1735 2724 2017 2821 ingenti
2056 2724 2221 2799 vitae
2270 2746 2400 2821 pe-

420 2810 653 2911 riculo
696 2813 769 2888 ὃς
802 2811 1169 2911 laboribus
1214 2818 1440 2892 anxiis
1526 2842 1656 2920 per
1705 2818 1915 2895 testes
1942 2819 2259 2894 veritatis
2308 2840 2399 2896 ex

421 2907 734 3009 tenebris
805 2908 1218 3014 Antichristi
1248 2912 1450 2989 fuere
1502 2913 1855 3014 protradla
1898 2913 2134 2991 Math.
2186 2912 2392 2993 XIII.
2465 2919 2469 2924 ’

420 3027 538 3108 44.
590 3011 739 3103 qaia
778 3003 1136 3105 purissima
1168 3008 1332 3086 sunt
1392 3022 1605 3110 atque
1658 3009 2110 3087 immaculata
2128 3067 2148 3097 ‚
2168 3011 2397 3086 instar

423 3105 576 3198 auri
672 3105 910 3202 urgati
950 3101 1052 3180 Ps.
1088 3101 1305 3186 XDK.
1328 3131 1394 3195 9.
1460 3130 1567 3181 10.
1618 3101 1785 3183 XII.
1809 3128 1879 3196 7.
1934 3105 2215 3184 CXIX.
2279 3126 2395 3198 72.

508 3208 570 3272 ia
648 3223 797 3291 uce*
847 3198 966 3275 sua
1013 3224 1096 3277 ac
1136 3200 1492 3279 santtitate
1541 3206 1618 3278 in
1645 3202 1901 3278 mediis
1951 3228 2287 3279 errorum
2315 3226 2394 3280 ac

451 3295 640 3374 eculi
697 3294 911 3392 hujus
966 3295 1279 3400 tenebris
1347 3297 1481 3376 sese
1525 3299 2041 3378 commendant
2080 3297 2215 3399 Jes.
2263 3296 2396 3375 IX.

427 3410 492 3465 2.
549 3412 609 3479 3.
671 3389 852 3493 Eph.
906 3391 999 3468 V.
1044 3415 1111 3494 9.
1174 3414 1281 3483 13.
1414 3405 1498 3469 cia
1594 3394 1846 3473 erfesta
1880 3394 2044 3473 sunt
2086 3398 2163 3476 δε
2204 3397 2397 3475 bona

428 3504 687 3584 aeterna
728 3503 943 3592 atque
980 3423 1453 3572 immutabilia
1472 3547 1493 3580 ,
1519 3420 1633 3585 (ξά
1680 3492 1883 3597 quod
1898 3516 2029 3597 per
2052 3493 2396 3603 rotundam

1538 3663 1557 3689 S
2188 3610 2400 3668 umo-
