2590 4326
895 96 1054 205 Vs?
1088 93 1217 201 )=(
1273 94 1431 202 ἦς’
1674 179 1677 180 f
1996 107 2153 228 3²³.

135 282 301 367 Ubi
355 283 975 368 animadvertere
1026 277 1137 360 est
1177 333 1200 370 ,
1253 305 1423 361 non
1457 279 2164 380 adstantessolum*

135 379 274 460 sed
333 377 585 480 ipsum
647 395 755 477 qu
879 402 976 458 ue
1052 374 1601 481 sternutantem
1663 378 1865 472 ,ἰεῦ
1919 381 2159 461 «ὅσον.

136 476 804 560 conclamarefui
867 501 908 551 e
963 473 1251 556 solitos.
1357 478 1545 557 Haec
1585 497 1755 578 quae
1794 473 2158 555 haelenus

137 574 374 656 attuli
409 623 433 659 ‚
464 574 731 653 -fidem
757 624 783 658 ‚
836 593 922 651 ut
959 578 1293 680 opinor,
1344 574 1633 655 faciunt
1673 623 1697 657 ,
1755 574 2157 662 consuetu-

146 674 419 752 dinem
477 668 1039 750 sternuentibus
1098 668 1415 752 salutem
1482 671 1955 765 implorandi
1999 722 2023 756 ‚
2069 698 2162 764 ex

155 791 241 848 ea
276 772 988 851 commorientium
1047 770 1480 848 calamitate
1521 792 1687 846 non
1728 771 2152 858 emanasse,

154 866 271 946 sed
314 868 581 951 multis
634 885 812 948 ante
857 865 1222 967 Gregorii
1269 886 1572 958 aetatem
1625 869 2157 968 pervulgatam

151 962 372 1045 fuiffe
425 961 717 1043 seculis.
822 965 1151 1048 Nullam
1206 987 1399 1067 ergo
1450 958 1785 1044 sublestae
1830 965 2162 1044 illorum

150 1059 338 1141 fidei
387 1061 882 1142 tribuendam
928 1061 1167 1142 fidem
1199 1105 1223 1151 ,
1276 1062 1414 1164 qui
1448 1061 1909 1178 precationis
1944 1045 2156 1141 istius

150 1162 548 1258 originem
590 1159 893 1259 antiqui
922 1164 1171 1238 moris
1233 1162 1522 1239 inscitia
1566 1162 1649 1239 in
1697 1175 2032 1261 nuperos
2075 1161 2159 1248 ὄζ

101 1315 106 1316 ⁷
147 1254 510 1340 novitios
548 1262 864 1337 autores
898 1254 1459 1342 transtulerunt.

986 1436 1058 1524 §-
1109 1396 1314 1515 vin.

163 1647 168 1650 ,
234 1589 615 1695 'Eiusdem
651 1591 794 1696 *vel
848 1598 1179 1676 minoris
1223 1595 1588 1696 ponderis
1640 1594 1815 1678 ,sunt
1861 1597 1943 1676 ὃ(
1982 1617 2179 1680 mo··

146 1696 404 1778 menti
449 1743 473 1780 ,
539 1714 710 1794 quae
796 1717 1026 1774 more
1107 1693 1246 1773 suo
1309 1693 1636 1773 solentes
1719 1694 2158 1779 fabulantur

149 1790 521 1872 Rabbini.
624 1793 955 1893 Fingunt
991 1791 1330 1873 celebres
1367 1781 1479 1866 isti
1509 1783 1953 1880 Judaeorum
1992 1796 2155 1873 Ma-'

149 1884 366 1994 gistri
394 1936 417 1973 ‚
477 1904 560 1966 ut
590 1886 890 1970 suntad
931 1886 1690 1967 comminiscendum
1737 1885 2157 1984 ingenios1‚

149 2010 212 2076 a»
227 1990 478 2088 prima
511 1984 877 2064 nascentis
906 1987 1212 2085 origine
1247 1983 1521 2065 mundi
1557 2031 1582 2069 ‚
1632 1982 2154 2083 graviffimum

151 2084 562 2187 graffatum
610 2080 831 2160 fulffe
882 2084 1259 2162 morbum
1291 2135 1316 2165 ‚
1398 2102 1638 2180 quem
1694 2078 1851 2183 ipfi·
1895 2087 2160 2161 manti

152 2199 453 2262 vocant
478 2179 559 2274 id
590 2173 1023 2272 estangt‘nam
1047 2233 1069 2261 ,
1121 2201 1166 2255 a
1208 2191 1362 2254 ’⁸20
1402 2176 1751 2253 obehurare
1773 2232 1794 2260 ,
1827 2177 2152 2264 claudere,

150 2299 262 2357 eo
299 2276 525 2377 quod
574 2274 833 2354 fauces
867 2298 968 2354 eo
999 2273 1294 2354 morbo
1325 2326 1351 2359 ‚
1401 2299 1639 2378 quem
1681 2299 1908 2353 canes
1940 2276 2017 2352 ὅ(
2044 2279 2158 2353 lu-

151 2377 234 2487 pi
284 2373 761 2470 frequentius
793 2374 1182 2474 patiuntur
1208 2426 1228 2453 .
1286 2368 1731 2473 strangulari
1776 2373 1857 2450 ἀ
1888 2372 2160 2476 ptaefo·

151 2474 319 2555 'cati
343 2469 609 2549 solent·
710 2468 898 2546 Eam
934 2468 1451 2550 calamitatem
1474 2472 1828 2570 primitus
1864 2469 2159 2553 tenellis

148 2586 468 2662 tantum
511 2569 590 2645 ὅ(
619 2587 865 2666 nuper
901 2567 1175 2664 genitis
1211 2567 1675 2647 familiarem
1699 2564 1915 2644 fuifl'e
1947 2569 2162 2655 aiunt

151 2664 590 2747 infantibus
616 2709 646 2748 ,
693 2678 987 2764 eosque
1020 2684 1304 2763 quarto
1326 2685 1371 2742 a
1411 2666 1806 2745 nativitate
1839 2663 1962 2743 die
1989 2687 2163 2761 corf

153 2758 471 2858 ripuiffe
500 2811 524 2846 ‚
579 2758 786 2839 unde
835 2782 939 2837 eo
982 2758 1108 2839 die
1207 2781 1498 2841 arentes
1555 2760 1745 2839 cibis
1791 2754 2164 2847 abstinere

154 2859 616 2957 jejuniisque
634 2848 1126 2935 stomachum
1148 2785 1497 2939 solebant
1515 2877 1984 2964 vexare‚quo
2005 2857 2162 2961 sup-

159 2955 497 3059 plicibus
546 2946 898 3058 precibus
935 2953 1242 3034 letalem
1279 2953 1662 3036 morbum
1697 2974 1742 3041 a
1785 2954 1987 3047 natis
2016 2954 2164 3036 suis

157 3054 750 3157 deprecarentur
787 3053 867 3130 ὅτ.
914 3064 1559 3134 averruncaren't.·
1635 3050 1937 3131 Verum
1968 3072 2160 3132 tem·

211 3152 378 3228 oris
435 3148 683 3228 trastu
720 3147 930 3227 hune
975 3148 1183 3229 adeo
1224 3145 1611 3228 invaluisse
1649 3146 1904 3226 ferunt
1951 3152 2163 3226 mor·

211 3270 359 3324 um
406 3264 492 3324 ut
534 3267 644 3345 eo
692 3247 937 3325 adulti
979 3250 1215 3327 etiam
1253 3242 1775 3348 affligerentur
1810 3295 1834 3329 ‚
1884 3247 2157 3345 imme-

165 3343 674 3443 dicabilisque
711 3345 889 3426 effer
908 3390 933 3428 2
966 3342 1018 3421 fi
1047 3339 1631 3425 sternutandum
1661 3360 1961 3438 aegroto
1993 3339 2163 3420 fuis-

167 3439 268 3519 set
305 3490 327 3525 ,
399 3442 660 3521 donec
689 3439 997 3532 ‚jacobi
1061 3444 1415 3544 precibus
1484 3457 1839 3518 exoratus
1904 3438 2163 3524 Deus,

171 3539 417 3640 ipsum
454 3560 623 3617 non
661 3539 1025 3618 levaverit
1063 3539 1428 3651 duntaxat
1451 3534 1573 3613 sed
1599 3532 1898 3632 prorsus
1929 3536 2165 3614 etiam

171 3633 568 3723 sustulerit.
669 3635 860 3716 Inde
917 3635 1268 3718 inoluiffe
1331 3653 1649 3712 morem
1682 3682 1707 3720 ,
1760 3653 1845 3719 ut
1887 3628 2168 3748 sternu-

1944 3750 2167 3810 tanti·
