2590 4326
455 153 618 247 550
776 250 782 254 ,
1069 132 1208 236 ἔκ
1324 136 1435 236 )··(
1542 135 1695 239 ἓξ

779 271 1107 286 -C—

451 308 921 400 incubuisset,
949 311 1031 391 A.
1093 324 1301 405 1571.
1349 309 1714 389 Lutetiam
1749 311 1997 390 Galliae
2032 313 2455 413 Metropo-·

448 413 582 490 lim
616 410 1019 498 contendit,
1054 433 1210 487 non
1255 424 1337 486 ut
1387 411 1544 486 otio
1590 407 1660 484 se
1700 408 1902 485 daret
1919 465 1939 494 ,
1969 429 2109 486 nec
2149 409 2431 489 deliciis

451 513 529 588 &
567 507 1060 608 voluptatibus
1076 559 1099 596 ,
1136 530 1445 679 quarum
1481 509 1561 581 in
1591 503 1768 582 urb'e
1824 504 1943 582 illa
1995 520 2203 592 tunc,
2222 522 2316 584 ut
2360 511 2433 585 δι

449 626 651 685 nunc
670 618 821 682 tem
877 605 1021 681 oris
1039 661 1060 692 ,
1186 606 1436 680 urimae
1482 617 1683 679 erant
1722 602 2105 690 illecebrae,
2177 605 2423 681 indul-

449 717 656 805 geret
679 751 702 790 ,
737 701 806 779 se
892 704 1141 814 potius
1170 699 1413 779 Musas
1451 700 1806 776 constanti
1840 700 2078 776 studio
2121 715 2209 776 ut
2226 702 2424 780 cole-

447 813 593 889 ret,
641 802 717 875 &
752 804 1192 898 optimarum
1232 799 1520 874 Artium
1539 852 1560 883 ‚
1629 795 2109 896 Philosophiae
2131 854 2152 884 ,
2200 796 2417 911 Juris-

449 896 849 998 pmdentiae
868 951 889 982 ‚
955 892 1580 994 Historiarumque
1635 891 1991 992 Magistris
2048 894 2408 970 audiendis

447 992 724 1095 patulas
755 1017 838 1069 ac
879 1004 1179 1068 attentas
1206 991 1555 1091 praeberet
1578 1007 1798 1066 aures.
1896 987 2061 1068 Hac
2104 991 2229 1069 sua
2262 991 2411 1067 dili·

447 1091 694 1190 gentia
716 1091 790 1166 &
875 1089 1055 1165 roba
1099 1088 1387 1174 virtute,
1430 1084 2024 1165 Doctiffimorum
2058 1111 2416 1188 quorum-

448 1210 594 1287 que
611 1184 801 1261 illius
881 1186 1218 1262 cademiae
1251 1183 1625 1271 Virorum,
1665 1188 1983 1261 ‘maxime
2022 1209 2200 1261 vero
2240 1195 2415 1259 Petri

446 1283 633 1374 'Rami
657 1338 677 1371 ,
721 1281 840 1359 sed
880 1283 954 1357 &
987 1285 1067 1357 in
1098 1262 1281 1359 Aula
1322 1280 1546 1380 Regia
1587 1278 1982 1357 Procerum
2033 1285 2411 1369 omnium,

446 1393 664 1480 atque
699 1379 882 1455 adeo
916 1377 1130 1478 ipfius
1172 1376 1395 1475 Regis
1424 1435 1445 1464 ,
1503 1379 1806 1476 gratiam
1835 1392 2051 1479 atque
2093 1380 2417 1454 benevo-
2500 1438 2501 1441 η

442 1474 747 1553 lentiam
811 1474 941 1551 fibi
983 1474 1413 1552 conciliavit.
1513 1473 1609 1550 At
1681 1472 1839 1550 laeta
1871 1473 2024 1552 haec
2062 1477 2267 1575 pacis
2348 1477 2416 1553 δε

447 1572 709 1673 quietis
733 1585 883 1648 tem
938 1597 1063 1648 ora
1089 1627 1111 1659 ,
1147 1572 1378 1649 subita
1415 1573 1490 1647 &
1523 1570 1799 1648 funesta
1831 1570 1913 1647 A.
1954 1592 2159 1662 1572.
2207 1570 2414 1649 secu-

444 1682 519 1746 ta
567 1668 668 1775 esst
686 1670 826 1743 vici
878 1667 1110 1754 itudo,
1144 1692 1277 1768 per
1320 1666 1714 1744 Lanienam
1747 1667 1944 1744 illam
1964 1666 2412 1757 Parifianam,

387 1836 396 1839 -
444 1783 589 1865 qua
620 1765 942 1861 injustius
985 1789 1068 1841 ac
1095 1766 1478 1842 immanius
1515 1767 1641 1840 vix
1680 1764 2068 1866 quic'quam
2107 1768 2415 1864 cogitaui

442 1862 701 1962 potest.
800 1858 1040 1958 Hujus
1081 1861 1460 1938 horrendae
1505 1861 1714 1937 caedis
1737 1859 1919 1939 Baro
1965 1862 2210 1939 noster
2240 1887 2412 1941 cum

442 1960 768 2035 maximo
827 1960 901 2034 &
953 1961 1118 2035 vitae
1172 1956 1313 2035 suae
1359 1957 1688 2058 periculo
1709 1961 1850 2047 3³&
1876 1961 2097 2035 animi
2139 1962 2414 2054 crucia-

440 2068 525 2133 tu
544 2110 570 2147 2
620 2054 878 2131 dolore
912 2069 1129 2155 atque
1162 2071 1399 2141 metu,
1420 2056 1729 2132 Auditor
1764 2057 1839 2131 &
1865 2055 2238 2156 Spectator
2274 2053 2411 2132 effe

442 2151 546 2229 est
582 2151 865 2250 coastus
888 2207 911 2250 2
947 2151 1069 2229 sed
1095 2168 1340 2230 tamen
1382 2150 1651 2230 Divina
1686 2151 1947 2231 Tutela
1974 2152 2214 2255 ipsum
2248 2179 2406 2230 me·-

442 2249 590 2338 dio<
613 2250 692 2324 in
775 2246 1078 2327 Laniatu
1160 2249 1434 2325 salvum
1494 2247 2033 2327 incolumemve
2101 2249 2418 2329 mirifice

441 2344 1039 2432 conservandae
1065 2345 1362 2422 tandem
1388 2349 1594 2423 venia
1623 2348 1935 2429 abeundi
1984 2346 2026 2423 a
2048 2352 2279 2424 carolo
2297 2358 2408 2425 IX.

439 2444 566 2518 vix
603 2464 685 2518 ac
722 2464 816 2517 ne
858 2443 982 2518 vix
1009 2444 1388 2542 impetrata
1427 2442 1512 2523 A.
1555 2463 1775 2538 1573.
1824 2444 2148 2523 secundo
2182 2457 2413 2524 vento

446 2539 525 2616 in
551 2536 891 2639 Angliam
918 2540 1210 2635 trajecit.

634 2742 643 2749 '
791 2769 801 2779 ·
1331 2729 1502 2814 ΧΠ.
2499 2797 2501 2848 4

532 2825 619 2905 In
665 2828 930 2932 Anglia
972 2840 1078 2928 Jv.
1102 2829 1437 2928 Philippus,
1499 2853 1592 2908 ex
1626 2827 1757 2908 suo
1787 2852 1995 2909 more
2014 2832 2092 2909 &c
2137 2829 2415 2912 littera-
2500 2863 2501 2938 3

339 2983 344 2988 .
433 2949 599 3004 rum
663 2952 956 3016 amore,
1016 2926 1507 3005 celeberrimas
1580 2951 1901 3101 quasssue
1947 2929 2413 3028 perlustravit
2500 2959 2501 3000 ι

432 3022 850 3102 Academias
878 3081 898 3112 ,
966 3023 1186 3102 Viros
1222 3023 1688 3102 Dodtissimos
1720 3025 1761 3099 s
1780 3107 1785 3109 ,
1813 3028 2060 3111 utavit,
2092 3026 2418 3129 illosque
2499 3003 2501 3086 l

432 3121 784 3198 docentes
807 3122 1074 3234 *av-idus
1113 3121 1386 3209 audivit
1418 3177 1439 3207 ‚
1487 3124 1612 3233 qui
1648 3123 1797 3234 eJus
1829 3125 1904 3197 in
1961 3126 2107 3197 enii
2141 3123 2418 3201 doctri·

427 3239 687 3391 aar
720 3212 2418 3428 2?ffltsszzfflrasfflastnssffiffl

422 3429 545 3486 ma
600 3433 749 3510 quo
803 3434 895 3487 ue
925 3409 1119 3486 illius
1156 3410 1245 3485 ad
1290 3410 1549 3486 Aulam
1579 3425 1678 3486 1ta
1713 3411 2083 3506 laudabllls
2118 3436 2422 3512 percre-

424 3505 608 3593 buit,
663 3521 748 3583 ut
840 3503 1585 3618 ereniffimaesseginae
1619 3509 1769 3606 ejus
1810 3507 2166 3589 Ministris
2201 3510 2424 3588 valde

422 3616 665 3701 gratus
695 3605 769 3679 δε
809 3604 1061 3683 charus
1089 3605 1326 3681 fuerit.
1388 3615 1393 3620 '
1636 3667 1637 3670 a
2332 3619 2365 3637 ⁴

1294 3791 1527 3905 ...Χ
