2590 4326
828 87 969 199 ve
1022 108 1033 121 ·
1077 86 1226 196 κ(
1333 87 1484 202 &a
1631 89 1635 94 ’
2026 102 2185 204 587

954 375 1128 445 Mox
1152 374 1466 465 praeputia
1513 389 1770 466 ponunt
1792 426 1816 458 ‚
2115 311 2123 318 ·

180 558 258 635 id
296 559 400 635 est
453 555 674 640 more
718 557 850 637 suo
891 569 985 636 e'x
1037 559 1452 661 praescripto
1504 559 1793 650 divino,
1875 565 1949 641 δι
1993 564 2176 645 Μο-

180 653 266 733 fis
301 658 646 736 instituto
679 714 702 745 ,
738 658 1361 735 circumciduntur
1389 716 1412 746 ‚
1464 658 2018 833 cujusplludaicae
2039 667 2177 739 cir-

177 754 653 838 cumcifionis
690 756 839 853 jam
887 753 1269 834 STRABO
1319 757 1393 832 δι
1442 753 1677 835 TACI
1749 756 1899 856 US.
1918 763 2175 852 memi-

178 874 377 939 nere,
416 855 496 930 &
545 853 677 953 qui
719 853 907 946 versu
953 873 1092 946 104
1139 861 1323 950 Verpi
1366 855 1873 943 nominantur,
1929 856 1969 930 a
1994 857 2172 949 versi:

176 949 527 1050 pellicula
556 1006 607 1038 ‚N
635 973 796 1122 guae
828 953 908 1026 in
953 948 1501 1027 circumcisione
1536 951 1912 1029 mutilatur
1936 1009 1957 1039 ‚
2016 976 2169 1054 quo

176 1048 490 1124 nomine
543 1043 591 1146 J
695 1048 778 1123 aei
832 1050 913 1122 in
957 1048 1446 1149 opprobrium
1511 1050 1997 1137 vocabantur,
2046 1053 2176 1150 qui

176 1146 539 1244 praeputia
582 1145 982 1256 ponebant,
1016 1168 1174 1222 non
1200 1142 1604 1232 Christiani,
1646 1169 1832 1246 quos
1864 1149 2176 1224 circum-

177 1239 453 1317 cifione
503 1253 617 1317 ut1
647 1297 669 1328 ‚
708 1241 971 1319 nullus,
1005 1266 1332 1355 unquam
1366 1241 1676 1319 Gentilis
1714 1246 1817 1319 eis
1854 1245 2167 1340 obJecit,
2239 1318 2244 1322 .

175 1335 308 1414 nifi
344 1338 570 1512 guod
628 1338 929 1440 quidam
975 1338 1308 1417 Caecllius
1364 1337 1561 1439 apud
1595 1347 1959 1418 Minatium
2010 1345 2170 1416 Feli-

173 1462 303 1510 cem
405 1439 549 1513 ‘cat
568 1492 589 1521 ‚
634 1457 706 1531 p.
767 1459 835 1525 9.
939 1448 1053 1511 Eos
1102 1440 1415 1532 Antiffittk
1455 1433 1549 1522 δέ)
1584 1439 1936 1512 Sacerdotis*
1970 1441 2170 1514 colere

167 1537 479 1630 genitalia
529 1589 553 1619 ,
608 1530 700 1620 ἓξ
739 1532 914 1629 quasi
964 1536 1246 1631 parentis
1288 1534 1392 1626 fiai
1472 1529 1589 1628 (b)
1631 1535 1897 1608 adorare
1978 1555 2172 1609 natu-

175 1655 338 1704 ram.
446 1627 642 1722 Quae
696 1631 947 1706 omnia
1019 1634 1338 1729 arguunt
1384 1633 1758 1723 ,Iuvenalem
1781 1630 2170 1732 ,quodam-

177 1726 411 1803 modo
445 1749 697 1803 rerum
756 1727 1173 1805 udaicarum
1215 1747 1528 1825 gnarum
1552 1724 1781 1816 suffic,
1804 1753 2047 1830 neque
2073 1752 2167 1808 ex

177 1823 567 1968 imperitia
590 1823 682 1903 de
765 1823 1117 1904 hristianis
1157 1820 1428 1899 dixiffe.
1997 1881 2000 1884 -

1041 2011 1386 2106 §.VL-
1537 2009 1548 2020 '
1702 2009 1710 2019 “

275 2182 404 2281 (3)
453 2178 658 2263 'Cum
696 2182 1024 2283 Gentiles
1063 2179 1395 2282 quotidie
1418 2180 1749 2275 viderent
1770 2239 1791 2270 ,
1828 2179 2164 2261 Christia-

180 2305 315 2358 nos
328 2283 520 2373 suiHa
537 2309 733 2365 carne:
747 2280 956 2369 vesci,
988 2277 1378 2381 quomodo
1416 2279 1507 2356 de
1532 2281 1615 2355 iis
1658 2294 1781 2356 aut
1806 2304 1948 2381 qua
1987 2303 2162 2380 pro-

179 2377 547 2456 babilitate
579 2376 908 2457 affere-:ret
943 2375 1329 2479 quispiam,
1398 2378 1480 2459 in
1514 2375 1683 2455 illos
1715 2375 2016 2455 Poetam
2051 2376 2161 2454 di-

180 2496 341 2552 cere
360 2472 723 2577 potuiss‘e,
767 2476 972 2591 quod
1001 2500 1069 2550 v.
1114 2486 1231 2564 98.

269 2650 437 2717 Non
484 2643 704 2737 dzstare
754 2661 997 2739 putant
1034 2608 1310 2724 hamund
1339 2666 1538 2739 *carne
1565 2640 1833 2732 suiHam.

178 2799 560 2884 Manifeste
588 2805 785 2885 idem
814 2805 966 2883 hoc
998 2807 1272 2883 crimen
1311 2805 1583 2902 objecit
1594 2803 1859 2906 Judaeis
1887 2858 1911 2891 ‚
1986 2826 2157 2881 cum

1226 2900 1282 2979 P
1305 2926 1356 3003 p
1407 2924 1461 2995 4
1587 3003 1592 3007 .
1673 2986 1676 2989 Δ
1931 2908 2158 2996 Satyra

182 3090 277 3181 (b
316 3103 355 3192 )
426 3098 948 3171 commentatores
1040 3097 1277 3171 eruditi
1333 3091 1424 3169 ad
1468 3090 1541 3167 h.
1585 3090 1633 3168 l.
1693 3089 2157 3169 observarunt

378 3189 1132 3292 persuafionem'hanc
1169 3192 1342 3269 inde
1378 3202 1665 3278 natam,
1737 3189 1944 3288 quod
1991 3214 2157 3289 poe-

373 3290 685 3364 nitentes
712 3286 1155 3390 Presbyteris
1208 3286 1778 3367 advolvebantur
1805 3341 1827 3371 ‚
1881 3287 1954 3362 &
1980 3290 2157 3362 caris

371 3382 522 3464 Dei
617 3383 1321 3481 adgeniculabantur.
1396 3386 1532 3458 vid.
1585 3384 1782 3457 Gabr.
1833 3389 2155 3460 ALBAs-
2201 3388 2214 3398 '

358 3488 620 3559 ‚PINAE
630 3489 734 3558 US
788 3481 878 3553 ad
935 3488 1183 3558 Tertull.
1234 3503 1365 3577 cap.
1417 3502 1485 3568 9.
1553 3481 1629 3553 de
1657 3486 2039 3583 paenitentia,
2082 3490 2153 3554 in

364 3579 530 3654 libro
577 3580 652 3654 de
695 3578 1001 3659 Veteribus
1045 3580 1297 3673 Ecclefiae
1326 3577 1546 3651 ritibus
1594 3599 1669 3689 p.
1688 3594 1854 3668 439.
1885 3596 2050 3669 440.
