2590 4326
178 307 272 360 re
313 282 607 369 militari
674 283 1028 361 excellere
1085 282 1376 361 studuit.
1477 280 1618 359 Sed
1667 297 1911 366 tamem
1955 285 2052 363 ita
2090 288 2170 365 111
2247 285 2251 289 ’

176 377 455 467 Martis
510 377 801 458 ‘tranfiit
844 381 1061 459 castra
1076 437 1098 467 ,
1194 394 1279 455 ut
1343 379 1696 458 Minervae
1740 377 1962 458 Ludis
2008 406 2167 467 non
2246 452 2249 455 .

238 475 413 557 lane
441 475 894 565 valedixerit,
939 478 1172 577 probe
1203 500 1468 576 gnarus
1521 533 1541 563 ‚
1621 475 1829 555 Artes
1867 476 2209 583 quidem*
2284 576 2287 577 7

171 498 452 653 Rffiartis
472 630 492 658 ,
521 572 842 650 Martem
862 572 1159 666 vicissim
1171 573 1458 662 Artium
1494 574 1767 650 auxilio
1804 572 2164 673 praefidio-

172 693 340 772 que
368 667 717 772 indigere.
816 669 1012 746 Nam
1046 670 1330 746 illustris
1357 667 1596 770 Heros
1634 671 1877 760 noster
1923 670 2007 748 A.
2057 670 2157 751 D.

179 788 217 839 1
241 786 408 858 577.
456 769 675 843 aetatis
713 788 890 845 vero
907 765 1047 844 suae
1084 764 1436 868 vigefimo
1459 765 1607 845 fere
1636 766 1870 854 sexto,
1912 791 2008 844 ex
2029 791 2163 846 vo-

167 861 467 941 luntate
497 860 721 939 Patris
773 862 900 950 sui,
929 888 1100 939 cum
1149 863 1503 963 generoso
1551 863 1844 942 Comite
1915 872 2161 960 Joanne

167 957 497 1060 Naffovio
539 957 815 1036 seniore
848 962 928 1038 in
953 957 1280 1060 Belgicas
1337 958 1523 1038 Oras
1550 959 1772 1037 bellis
1820 972 1998 1041 tunc
2037 958 2163 1039 fla..

165 1069 476 1156 grantes
556 1055 938 1156 ‘profectus
990 1058 1112 1153 est,
1151 1057 1242 1133 ad
1293 1053 1987 1143 GUILHELMUM
2010 1057 2160 1135 Au-

163 1155 465 1237 riacum
481 1150 1032 1229 laudatiffimum
1064 1151 1496 1254 Principem.
1595 1150 1754 1246 Illic
1793 1152 2160 1328 (3³QO

166 1249 433 1325 nactus
482 1249 583 1329 est
616 1247 1123 1349 amplissimum
1147 1307 1167 1336 ,
1211 1254 1291 1327 in
1332 1264 1499 1350 quo'
1527 1249 1790 1329 Martia
1821 1251 1975 1347 ejus
2063 1254 2159 1328 ir-

165 1358 305 1423 tus
353 1347 417 1422 ei
456 1347 778 1446 ingenita
804 1348 879 1422 &
918 1343 959 1429 ὲ
992 1345 1369 1443 Majorum
1399 1346 1594 1448 quasi
1623 1345 1889 1441 semine
1901 1347 2152 1438 infusa,

168 1464 567 1519 excurrere
620 1442 1112 1555 cognoscique
1159 1441 1412 1545 p’oss'et.
1515 1442 1723 1541 Licet
1793 1444 1992 1546 enim
2044 1468 2156 1521 ar..

164 1562 483 1617 morum
531 1541 780 1639 reique
838 1538 1117 1616 bellicae
1155 1540 1351 1619 rudis
1383 1540 1596 1642 plane
1636 1553 1841 1616 autea
1870 1539 2034 1628 fuit,
2076 1541 2155 1621 &

166 1632 473 1711 nonnifi
526 1635 796 1736 linguis
849 1630 1047 1731 Disci
1103 1636 1413 1737 linisque
1464 1636 1878 1714 liberalibus
1911 1637 2001 1713 ab
2037 1639 2151 1715 ina·

167 1746 404 1808 eunte
433 1736 633 1809 ae‘tate
673 1731 980 1820 deditus,
1005 1758 1044 1809 a
1112 1756 1483 1813 armorum
1509 1731 1747 1810 studio
1763 1731 2154 1812 abhorrere

164 1853 300 1908 ma
360 1831 434 1915 's,
478 1853 699 1930 quam
736 1854 828 1907 eo
863 1829 1193 1907 delectari
1244 1828 1432 1907 visus
1463 1831 1585 1918 est,
1622 1844 1866 1907 tamen
1922 1833 2148 1930 genio

173 1949 281 2003 ne
313 1927 431 2002 cio
459 1950 614 2027 quo
657 1926 982 2017 naturali,
1026 1928 1226 2004 brevi
1250 1929 1607 2027 temporis
1662 1924 1891 2025 spatio
1904 1940 2148 2007 tantos

161 2024 261 2100 in
298 2047 376 2099 re
430 2022 721 2100 militari
748 2025 870 2110 (ut
909 2037 1115 2104 antea
1137 2025 1214 2099 in
1247 2021 1538 2118 litteris)
1581 2019 1993 2123 progressus
2041 2023 2149 2100 fe-

169 2120 304 2208 cit,
323 2132 408 2196 ut
436 2119 739 2235 aequales
769 2120 846 2197 &
867 2117 1410 2224 commilitones
1430 2116 1598 2196 suos
1633 2117 1868 2198 statim
1899 2120 1976 2194 in
1993 2117 2150 2196 bel-

164 2215 318 2293 lica
341 2220 596 2316 peritia
609 2216 687 2294 su
746 2216 1325 2304 erarit,omnibus
1376 2240 1470 2293 ue
1509 2214 1804 2294 summae
1842 2215 2148 2293 admira·-

167 2316 387 2401 tioni,
446 2338 539 2391 ex
670 2316 685 2331 “
724 2316 816 2391 'te
854 2313 1089 2392 statim
1125 2311 1212 2390 fit
1243 2313 1313 2390 fa
1432 2338 1464 2389 s
1505 2310 1710 2400 Dux,
1732 2311 1995 2414 dignus
2045 2336 2144 2391 ue

165 2409 484 2498 habitus,
526 2413 654 2512 qui
697 2409 848 2488 aliis
878 2433 1036 2487 non
1055 2419 1359 2510 pareret,
1376 2409 1496 2487 sed
1518 2411 1933 2510 imperaret„
2056 2431 2142 2488 ec
2280 2506 2284 2513 Ι

164 2530 350 2608 vero
376 2506 560 2586 Dux
588 2521 874 2588 tantum
903 2505 1222 2584 militum
1254 2509 1624 2607 gregarius
1652 2563 1674 2593 ,
1712 2504 1832 2582 sed
1877 2508 2142 2605 prima-

167 2606 321 2682 rius
355 2602 619 2685 XXX.
671 2606 954 2688 circiter
999 2601 1053 2682 fi
1159 2627 1375 2688 orum
1391 2660 1412 2700 ,
1440 2606 1550 2680 uti
1574 2616 1865 2684 ,vocant
1884 2658 1905 2690 ,
1954 2623 2140 2680 mox

169 2699 408 2789 evafit,
443 2696 519 2778 ’ὃς
549 2699 862 2780 Geldriae
924 2623 1186 2779 Caiffls
1212 2697 1701 2787 Gubernator,
1766 2722 1927 2800 quae
1960 2695 2139 2777 Pro-

164 2799 453 2895 vinciae*
497 2820 687 2887 curae
771 2798 924 2895 ejus
972 2811 1046 2874 at
1099 2820 1191 2874 ue
1224 2794 1392 2873 fidei
1420 2791 1806 2878 commiffae
1841 2794 2140 2876 fuerunt

149 2909 386 2995 satque
420 2885 999 2974 commendatae*
1046 2820 1280 2981 ‘lianc
1345 2892 1658 2995 spartam
1739 2891 1921 2969 adeo
1968 2892 2136 2992 pul·-

167 2990 344 3069 chre
395 2994 774 3074 exornavit
788 3046 811 3078 ,
863 2990 939 3066 &
979 3002 1098 3067 tot
1130 3004 1473 3090 tantaque
1523 2988 1947 3092 prudentiae,
1978 2988 2136 3065 elo-

129 3101 135 3105 ’
168 3090 505 3192 quentiae,
526 3088 936 3193 vigilantiae,
951 3084 1333 3175 industriae,
1360 3088 1873 3187 temperantiae,
1897 3089 2134 3162 conti-

157 3184 450 3274 'nentiae,
497 3183 964 3271 fortitudinis,
994 3181 1162 3259 fidei
1176 3207 1258 3260 ac
1297 3184 1655 3283 patientiae
1685 3181 1889 3259 dedit
1901 3177 2131 3262 docu-

144 3298 433 3371 -menta,
471 3297 558 3362 ut
570 3281 974 3365 nonmodo
994 3305 1031 3357 3
1088 3278 1190 3356 ud
1223 3278 1388 3358 suos
1418 3279 1718 3368 Milites,
1760 3275 1892 3355 *sed
1914 3281 2133 3358 etiam

163 3403 211 3455 a
261 3379 360 3456 ud
398 3393 695 3457 caeteros
712 3375 965 3455 Duces
992 3433 1013 3463 ,
1089 3380 1402 3478 rincipes
1435 3372 1858 3454 &Illustrisst
1904 3378 2131 3471 totius

247 3476 575 3566 ollandiae
595 3472 931 3555 *Ordines
970 3470 1323 3551 summam
1356 3472 1700 3554 Nominis
1716 3469 2006 3565 laudem
2054 3473 2132 3551 ὅτ

169 3572 355 3676 glori
361 3583 442 3654 ae'
456 3572 947 3654 celebritatem
968 3566 1054 3647 fit
1087 3571 1433 3670 adeptu&
1729 3620 1735 3628 -

1099 3662 1370 3765 Nn3
1733 3794 1736 3797 ῃ
1915 3659 2128 3750 XVI·
