2590 4326
783 188 1014 297 ‘8⁶2'
1111 188 1225 295 32(
1339 190 1475 294 ἐκ
1997 201 2161 296 367

163 367 244 444 se
297 366 465 465 post
501 362 745 465 Jesum
785 366 1045 447 abdere
1065 425 1085 454 ‚
1135 369 1210 442 in
1242 367 1660 443 vulneribus
1708 366 1874 468 Jesu
1905 392 2164 446 recen:-
2304 391 2307 394 ’

174 464 353 539 dere
371 518 392 549 ‚
450 462 519 539 se
562 465 786 540 morti
835 464 910 540 δε
945 461 1270 563 sanguini
1309 462 1475 562 Jesu
1519 466 1911 553 involvere,
1942 489 2164 566 quam
2333 486 2339 497 ’

172 575 337 637 tota
386 562 461 634 in
539 556 790 658 Jesum-
855 585 1062 637 ruere
1090 617 1110 647 ‚
1186 561 1593 660 cunctoque
1648 561 1905 638 affectu
1957 563 2164 639 illum

178 656 524 755 ampleffi
541 712 561 741 ,
599 658 672 731 ὃς
714 657 804 733 ad
845 656 1387 735 exardescentes
1404 659 1914 755 reciprocantis
1965 685 2167 736 amo-

177 758 278 829 ris
325 752 585 838 Divini
619 751 939 830 flammas
977 752 1363 830 salutariter
1428 753 1815 853 liquescere
1847 811 1869 844 2
1952 771 2023 832 at
2075 780 2168 832 ue

107 869 114 872 ⁷
184 874 363 927 cum
384 849 619 925 salutis
662 849 933 926 fititore
983 850 1632 943 (novitatzkfititorem
1664 849 2004 929 Classicus
2083 877 2170 928 u-

181 946 363 1025 thor
403 946 648 1041 dixit,)
681 970 889 1023 cerva
922 946 1221 1025 Davidis
1266 947 1642 1024 vociferari
1678 974 1702 1041 3
1754 959 1912 1024 Non
1960 977 2171 1024 cervus
2256 957 2257 960 ‘

164 1047 418 1143 fluvios
452 1043 542 1134 fic
584 1064 733 1117 avet
767 1046 1004 1140 algidos
1021 1099 1042 1129 ,
1091 1053 1314 1120 emus
1342 1045 1533 1117 turba
1567 1073 1789 1119 canum
1819 1074 1999 1141 quem
2016 1069 2175 1143 pre-

182 1150 310 1215 mit
336 1194 359 1220 ,
416 1159 495 1212 ut
548 1148 649 1213 tui
689 1148 811 1217 Cor
850 1142 1141 1233 destderio
1179 1150 1428 1236 capitur
1458 1151 1646 1215 anxio
1673 1199 1693 1228 ‚
1764 1171 1980 1216 rerum
2007 1153 2169 1219 Con-
2254 1173 2257 1180 ·

184 1240 372 1311 ditor
412 1243 656 1331 optime.
759 1247 909 1312 Huc
935 1246 1032 1312 me‘
1070 1257 1288 1335 raptat
1324 1264 1505 1311 amor
1549 1239 1762 1325 dulcis,
1825 1238 1917 1326 Εὸ
1971 1248 2171 1336 impo-

189 1355 331 1408 tens
387 1337 584 1405 ardor
598 1337 780 1429 ferre
831 1361 1058 1410 moras.
1163 1346 1217 1408 Ο
1243 1343 1497 1407 niveum
1548 1336 1710 1408 diem
1737 1391 1757 1421 ‚
1802 1344 1912 1431 qui
1942 1339 2170 1432 templo

188 1431 481 1504 reducem
518 1456 615 1502 me
642 1435 882 1524 statuet
943 1440 1110 1506 tuo!
1163 1443 1215 1504 Ο
1263 1436 1439 1504 Lucis
1497 1433 1696 1521 jubar
1728 1460 1986 1505 aurewn
2005 1441 2036 1506 !
2085 1430 2171 1508 Id

194 1539 395 1603 certe
442 1523 615 1602 facit
657 1526 812 1603 talis
854 1530 1089 1612 anima
1120 1583 1139 1613 ‚
1193 1520 1333 1604 1'1ec
1367 1517 1663 1628 quiescit
1702 1530 1900 1628 prius
1931 1583 1952 1614 ,
2036 1528 2172 1604 do-

189 1634 338 1699 'nec
376 1621 467 1698 de
508 1621 614 1697 sui
655 1645 829 1699 cum
870 1626 1040 1723 igne
1063 1623 1248 1710 hoc,
1303 1625 1378 1700 &
1407 1623 1663 1711 melle„
1736 1627 1810 1701 δι
1871 1624 2172 1703 corculo

117 1789 120 1790 f
194 1719 331 1798 suo
365 1776 384 1805 ‚
422 1731 674 1796 mutua
712 1723 1257 1806 communione,
1287 1735 1693 1820 mutuoque
1726 1746 1995 1810 amore,
2024 1746 2178 1801 cer-⁶

195 1832 294 1901 ta,
322 1819 400 1891 iu
423 1814 464 1889 s
506 1840 544 1891 e
589 1815 839 1914 gloriae
862 1814 1147 1896 Divinae
1190 1817 1529 1917 gloriari,
1595 1818 1724 1896 sub
1766 1821 2019 1897 umbra
2068 1834 2176 1897 a‘r-

195 1915 400 1989 boris
504 1914 621 1988 itae
676 1913 1112 2013 requiescere
1133 1971 1153 2001 ,
1202 1916 1277 1989 ὃς
1324 1911 1735 1990 dulciffimis
1788 1915 1974 1992 illius
2025 1916 2178 1991 fru-

199 2010 434 2086 &ibus
497 2008 565 2085 se
612 2007 861 2086 satians
927 2014 1004 2085 in
1063 2009 1400 2088 Domino
1453 2010 1821 2097 deliciari,
1871 2014 1946 2087 &
1982 2011 2178 2102 dulci

200 2104 442 2280 ¹sponsi
481 2103 587 2183 sui
642 2130 889 2185 amore
920 2108 1146 2194 ebria,
1194 2130 1367 2183 cum
1409 2104 1659 2206 sponsa
1716 2130 1971 2188 canere
2013 2107 2178 2210 pos-a

229 2220 312 2291 rt,
350 2215 473 2300 Ego
508 2205 713 2283 dileeii
753 2214 872 2279 mei
897 2207 1065 2298 sum,
1090 2205 1179 2293 ἓξ
1226 2205 1468 2277 alileam
1511 2231 1669 2278 meus
1705 2232 1860 2279 meus
1878 2212 1970 2301 est.
2031 2207 2182 2283 An-

202 2317 503 2401 tequam
539 2301 616 2377 id
664 2299 751 2378 fit
770 2342 802 2387 ,·
831 2301 1131 2379 ‘coelum
1170 2301 1506 2401 precibus
1546 2300 1861 2399 fatigare,
1907 2304 1979 2378 &
2044 2301 2181 2379 lar-

203 2402 319 2498 gis
359 2397 886 2498 lachrymarum
906 2456 926 2485 ,
991 2423 1149 2499 quae
1206 2396 1531 2499 pondera
1563 2400 1762 2474 vocis
1831 2397 2100 2475 habent
2154 2454 2176 2484 ,

204 2496 561 2572 imbribus
603 2518 823 2594 genas
855 2499 1085 2595 rigare
1120 2519 1276 2571 non
1330 2492 1607 2595 desistit.
1712 2493 1852 2572 Sus
1893 2497 2018 2571 iria
2070 2497 2181 2594 ip-

208 2591 366 2669 fiusae
389 2591 555 2667 sunt
580 2647 601 2677 ,
656 2590 778 2667 sus
817 2595 942 2669 iria
1039 2593 1282 2678 acobi,
1345 2588 1564 2669 Patris
1610 2590 1797 2669 illius
1881 2592 1984 2667 ilii
2035 2588 2184 2671 Lu-

205 2690 431 2765 natici
458 2744 477 2773 ‚
524 2615 901 2788 Auguffiini
920 2748 941 2776 ,
1039 2687 1370 2766 ernhardi
1414 2744 1434 2774 ,
1484 2697 1642 2764 Non
1673 2690 1811 2779 sino
1859 2710 1922 2763 te
1949 2697 2181 2765 Domi-

199 2815 288 2881 ne
324 2841 346 2869 ‚
420 2812 548 2858 non
566 2786 705 2877 stno
747 2807 810 2859 te
839 2794 1108 2860 Domine
1124 2842 1145 2872 ,
1192 2813 1320 2860 non
1334 2784 1471 2875 smo
1538 2805 1601 2858 te
1655 2790 1842 2860 donec
1901 2786 2054 2865 mihi
2081 2788 2185 2861 be-

206 2883 519 2958 nedixerit
551 2913 571 2952 .-
624 2884 821 2958 C'redo
869 2892 1139 2959 Domine
1197 2882 1348 2975 Jcfit
1389 2935 1410 2965 ,
1486 2883 1664 2957 credo
1699 2938 1719 2968 ‚
1772 2884 2070 2972 succurre
2108 2903 2184 2958 tu

208 3007 356 3053 meae
407 2980 834 3056 incredulitati
875 3011 895 3050 .-
954 2990 1128 3054 Inter
1180 2976 1430 3050 brachia
1457 2983 1802 3052 Servatortk
1816 2988 1934 3052 mei
1964 2979 2054 3068 ’ἐξ
2081 2989 2188 3053 vi-

210 3103 368 3150 vere
405 3084 581 3171 cupio
629 3073 721 3162 &²
743 3084 906 3151 mori
942 3077 1230 3169 defider03
1260 3082 1408 3147 veni
1447 3101 1484 3148 o
1528 3082 1793 3151 Domine
1832 3077 2001 3169 Iesu,
2039 3084 2185 3148 veni

212 3176 331 3247 lux
368 3200 507 3246 mea
521 3227 543 3256 ‚
601 3173 954 3268 redemptor
995 3201 1153 3247 meus
1193 3228 1214 3258 ,
1283 3171 1552 3262 desidero
1595 3190 1657 3244 te
1688 3175 1897 3245 millies
1911 3227 1947 3258 ‚⁷
1965 3180 2054 3244 mi
2074 3179 2190 3266 Je-

193 3271 290 3363 su'
327 3269 577 3364 quando
616 3277 820 3342 venies
858 3274 903 3343 ‚⁴⁹
959 3279 1078 3345 Me
1110 3272 1316 3355 latum
1354 3269 1602 3363 quando
1634 3342 1639 3349 ,
1642 3270 1836 3363 facies
1864 3275 1908 3342 ,9
1959 3277 2078 3344 Me
2115 3270 2193 3341 de

212 3387 278 3440 te
317 3366 566 3461 quando
597 3365 797 3456 fittias
816 3371 862 3440 :⁹
909 3376 1060 3460 ‚Iam
1098 3394 1228 3461 quae
1256 3364 1499 3461 quaesivi
1536 3367 1716 3439 video
1738 3421 1758 3451 ,
1824 3366 1994 3460 quod
2045 3391 2193 3438 con-

210 3472 425 3558 arpivi
473 3482 646 3536 teneo
658 3492 684 3548 ,-
736 3468 973 3537 Amore
1004 3464 1152 3557 Jefiae
1184 3466 1484 3556 langueo3
1527 3459 1618 3547 ἓξ
1666 3464 1848 3535 corde
1898 3480 2059 3534 totus
2081 3489 2193 3534 ar-

212 3562 345 3635 deo.
389 3608 394 3611 -
452 3571 506 3633 Ο
542 3558 790 3631 beatwn
829 3562 1188 3634 incendium
1199 3594 1234 3644 ·,
1293 3555 1637 3652 &ardens
1686 3557 2044 3649 desiderium
2075 3566 2107 3632 .'
2142 3569 2213 3631 Ο.

212 3658 390 3735 dulce
424 3658 831 3754 rfiigffizm
898 3684 1109 3733 aurare
1169 3663 1294 3731 Dei
1317 3655 1532 3748 filium
1545 3661 1576 3728 .'
1637 3664 1729 3731 Tu
1768 3657 2199 3829 mennkadelea

1235 3757 1304 3830 A
1339 3774 1380 3826 a
1435 3769 1471 3843 5
2038 3759 2192 3844 atio,
