2590 4326
1001 105 1142 213 &A
1246 109 1348 210 )2(
1451 109 1596 218 Ue?
2137 141 2242 219 23

244 291 539 390 Istaque
592 315 858 390 quam
907 310 1118 366 nunc
1171 310 1609 388 proponam
1658 297 2020 395 periodus
2079 305 2247 379 vitae

249 414 419 468 meae
509 390 803 464 notati
839 389 1050 485 plus,
1185 410 1362 471 uam
1399 388 1586 470 aliae,
1647 412 1991 471 meretur.
2094 396 2245 474 Vix

246 488 663 564 Genevam
722 478 991 582 adpuli
1018 531 1042 563 ,
1085 480 1152 558 sa
1184 487 1409 590 utatis
1437 481 1639 562 Viris
1687 484 1998 567 summis
2035 494 2250 579 fram,

218 582 386 674 'casco
435 582 821 655 Turretino
850 579 929 654 δ’(
959 579 1295 651 Βεηεᾱιᾶο
1343 580 1640 665 Ρίδῖετο,
1693 586 1918 660 tertio
1961 581 2005 660 a
2055 607 2246 666 meo

234 680 596 758 adventu
647 675 790 765 die
836 672 1253 773 afferuntur
1299 695 1345 751 a
1389 692 1666 774 patruo
1702 700 1886 756 meo
1919 682 2242 769 ‘Johsso-

235 773 471 870 dolpbo
516 768 1166 875 orti-*perscriptae
1201 774 1428 849 litetae
1460 770 1556 848 de
1591 778 1801 870 gravi
1851 776 1928 853 ὅ(
2055 782 2264 856 ricu:

234 873 412 951 loso
643 872 663 888 ⁶
692 864 954 969 {mei
1000 862 1346 950 morbo,
1425 868 1564 967 qui
1616 891 1798 947 cum
1863 872 1943 971 ip
1978 896 2110 950 um
2161 878 2245 965 in

235 963 594 1057 praesenti
738 982 747 987 ’
778 986 921 1049 um
953 964 1126 1040 vitae
1155 962 1555 1044 discrimen
1579 964 2002 1056 induxerit,
2047 968 2250 1050 mihi*

235 1061 314 1141 se
352 1062 758 1137 suasorem
801 1057 949 1137 esse
969 1108 992 1143 ,
1030 1083 1124 1135 ne
1155 1060 1460 1138 ulterius
1492 1062 1572 1137 in
1602 1061 1932 1142 Galliam
1963 1070 2109 1146 iter
2129 1066 2241 1144 di-

236 1163 602 1257 rigerem
633 1206 654 1234 ,
689 1153 803 1230 sed
839 1155 1000 1235 illic
1030 1152 1523 1256 praestolarer,
1554 1160 1741 1254 quid
1777 1156 1926 1239 fata
1967 1162 2236 1242 ferant.

234 1252 515 1330 Facile
551 1252 722 1326 licet
762 1252 1147 1339 conjicere
1176 1299 1199 1335 ,
1235 1254 1336 1328 ita
1381 1273 1511 1331 me
1569 1252 1721 1330 ὶᾶιι
1769 1255 1907 1333 illo
1949 1263 2240 1359 percul.

240 1350 433 1428 firm
471 1344 721 1428 fuiffe,
773 1368 856 1423 ut
911 1345 1200 1424 confilii
1257 1368 1515 1443 expers
1642 1348 1771 1424 uid
1826 1350 1999 1432 astu
2036 1377 2238 1456 opus

249 1441 453 1524 effer
478 1467 637 1521 non
676 1441 905 1521 facile
932 1441 1497 1540 cognoscerem.
1634 1462 1710 1519 ta
1744 1458 2002 1525 autem
2039 1443 2260 1549 apud*

118 1616 127 1626 ,
254 1563 393 1617 me
443 1541 838 1637 cogitavi,
890 1541 1125 1616 tutius
1205 1540 1283 1615 &
1326 1536 1674 1617 filialibus
1722 1541 1997 1622 officiis
2045 1572 2234 1627 con·

209 1634 648 1736 ‘gruentius
692 1633 839 1711 effe
887 1635 1129 1711 redire
1175 1635 1557 1720 domum,
1642 1636 1862 1736 qnod
1910 1640 1962 1717 fi
2024 1650 2234 1724 enim

240 1735 751 1830 contingeret
816 1729 1428 1810 reconvalescere
1531 1749 1767 1809 atrem
1790 1783 1813 1821 ,
1867 1736 2236 1841 obsequio

229 1850 433 1907 meo
488 1826 915 1930 conspesto
993 1826 1423 1904 faciliorem
1493 1849 1630 1905 ore
1676 1832 1862 1908 novi
1944 1834 2232 1918 itineris

230 1923 856 2026 susceptionem,
895 1922 1003 2000 fin
1044 1925 1340 2007 minus,
1408 1918 1833 2026 nostreque
1903 1934 2071 2010 vitae
2119 1960 2234 2012 ar·
2306 1978 2312 1985 ·

232 2021 460 2098 birro
512 2017 767 2098 visum
814 2017 904 2098 fit
952 2015 1195 2134 ipsum
1237 2015 1283 2095 ὲ
1339 2040 1662 2129 numero
1716 2027 2076 2104 vivorum
2133 2033 2228 2109 ad

237 2116 322 2193 se
368 2139 710 2200 vocare,
777 2112 1285 2217 praevrdebam
1339 2114 1815 2211 reliquorum
1875 2120 2238 2206 itinerum

242 2211 756 2289 occasionem
790 2211 980 2289 mihi
1032 2207 1462 2309 praesciffam
1496 2209 1660 2288 effe.
1713 2211 1978 2314 Itaque
2025 2220 2239 2304 inico

154 2373 157 2374 f
238 2330 446 2385 cum
491 2306 685 2404 posta.
721 2331 956 2407 quam
1025 2326 1313 2385 vocant
1406 2309 1650 2403 prima
1714 2308 2056 2411 domum
2110 2341 2235 2397 me

236 2403 627 2482 contuli.'
686 2405 905 2481 Dum
956 2406 1037 2480 in
1080 2403 1240 2503 ipso
1270 2405 1534 2482 itinere
1572 2426 1699 2480 me
1762 2399 2228 2496 constituto.

235 2501 535 2578 Parens
597 2525 644 2577 e
699 2504 889 2577 vivis
929 2501 1024 2576 ad
1077 2501 1331 2578 beatas
1378 2494 1583 2574 sedes
1635 2521 1957 2580 vocatus
2006 2507 2228 2586 disce-

236 2596 514 2679 deret,
570 2618 813 2695 quum
863 2619 1045 2675 eum
1083 2598 1350 2674 vivum
1396 2593 1756 2695 ampleffl
1802 2623 1964 2675 non
2017 2602 2234 2684 dare-

237 2712 405 2772 tur,
446 2712 876 2768 2mortuum
936 2694 1157 2766 domi
1212 2692 1551 2791 plurimis
1596 2690 1772 2768 fufis
1823 2694 2240 2796 lachrymis⁴

242 2786 743 2865 deosculatus
784 2784 1101 2871 sumita·
1140 2788 1344 2862 enim
1383 2782 1670 2864 fastum
1687 2783 1814 2872 est,
1866 2810 1954 2866 ut
1989 2797 2234 2894 pridie

239 2886 410 2974 ejus
446 2883 651 2966 diei,
685 2905 929 2981 quum
962 2881 1353 2978 sepulturae
1390 2901 1669 2977 corpus
1701 2887 2230 2969 mandandum

242 2998 453 3065 erat,
551 2977 878 3056 redirem
918 3032 940 3060 ,
991 2977 1402 3076 functique.
1443 2975 1885 3068 intereffem.
1978 2983 2246 3066 Viduar

246 3095 499 3152 mater
548 3074 902 3171 erigenda
936 3073 1177 3153 fuerat
1217 3067 1774 3159 consolatione,
1806 3078 2230 3179 praesentia,

259 3172 581 3256 auxilio,
629 3167 953 3255 officiis,
1014 3190 1182 3267 quae
1264 3167 1458 3246 mihi
1499 3171 1895 3256 vinculum
1977 3178 2242 3281 impo-“

259 3264 597 3353 suerunt,
650 3265 879 3367 quod
916 3268 1183 3344 lubens
1235 3264 1665 3365 meritoque
1705 3271 1892 3351 tuli,
1965 3288 2236 3349 tanto-r

324 3385 409 3443 ue
438 3364 525 3443 ad
568 3362 771 3444 illud
803 3357 1302 3458 praestandum
1336 3383 1467 3441 me
1502 3365 1744 3458 magis
1778 3360 2227 3446 obstrictum

283 3459 456 3547 enfi,
502 3476 829 3566 quanto
873 3454 1520 3555 frequentioribus
1550 3458 1781 3559 ipsam
1814 3461 2224 3554 sentiebam

235 3561 651 3644 conflictari
723 3551 1298 3657 adverfitatibuq
1359 3557 1702 3657 eorporis
1731 3606 1753 3634 ,
1806 3555 2223 3639 molestiffi-

213 3661 560 3773 moque‘,
655 3652 903 3758 quod
954 3647 1287 3820 ίὶὼίιιεὶῗ3
1292 3648 1623 3729 redierat
1658 3651 1738 3731 ὅ(
1781 3658 2226 3831 graviussip-

250 3765 307 3810 ί)
348 3769 358 3776 “
1339 3767 1389 3836 4
2099 3775 2226 3829 am
