2590 4326
734 223 739 226 ,
1081 93 1222 203 ’ἂ
1278 96 1394 194 )2(
1441 92 1580 199 2⁵5
2254 119 2310 196 7

301 285 495 366 stum
590 276 1200 377 implendorum
1256 277 1623 355 omnium
1694 276 1930 353 totlus
1993 272 2303 376 Apoca.

296 384 596 486 lypseos
636 373 1297 478 praedistionum.‚
1341 370 1660 476 spatium
1679 367 1953 462 justum
1983 393 2306 450 convcr-

293 480 547 562 tendis
609 492 753 553 aut
798 465 1363 548 convincendis
1412 463 2003 548 obstInatiffimis
2086 488 2302 547 ecca-

250 578 657 658 ‘toribus2
708 570 1041 674 spatium
1091 560 1374 653 iustum
1437 562 1802 644 redeundi
1841 566 1924 641 in
1955 564 2026 640 se
2056 588 2140 648 e,
2192 586 2300 640 re.

276 669 775 761 vertendi&
815 679 1134 771 peccata
1180 661 1308 739 sua
1335 686 1520 740 cum
1569 656 1740 738 filio
1789 662 2126 760 prodigo
2153 661 2298 737 illo

280 764 747 852 confitendi
780 758 1375 863 refipiscentibus
1403 756 1870 840 concederet
1887 804 1910 840 ‚
1933 779 2103 854 quae
2125 778 2295 833 om-

277 871 420 943 nia
503 883 677 940 tam
768 859 990 936 brevi
1062 859 1441 957 temporis
1513 847 1924 933 intervallo
1987 849 2298 951 impleri

278 958 746 1063 quomodo
791 946 1088 1054 poffent
1146 973 1315 1029 non
1355 948 1901 1057 perspiciebant
1939 997 1966 1034 2
2032 950 2298 1045 itaque

285 1059 646 1139 orabant
677 1076 830 1155 pro
856 1075 1042 1126 nora
1071 1045 1248 1140 finis.
2220 1085 2229 1092 -

391 1217 503 1296 In
542 1217 681 1298 illa
720 1209 1219 1310 ardentissima
1259 1206 1886 1292 Christianorum
1928 1214 2291 1293 oratione

284 1316 603 1394 veritas
628 1311 815 1389 illius
849 1312 1257 1390 axiomatis
1297 1325 1622 1410 apparet.
1725 1305 1975 1405 Qod
2026 1313 2290 1389 omnis

290 1408 702 1510 prophetia
758 1422 1179 1509 antequam
1263 1403 1748 1508 compleatur
1803 1427 2111 1484 metum
2201 1405 2290 1487 fir

295 1510 645 1605 aenigma.
746 1500 1001 1581 Multa
1034 1522 1279 1605 porro
1320 1499 1529 1582 sunt2⁸
1580 1519 1750 1598 quae
1829 1497 2091 1579 iorum
2130 1504 2288 1579 ani-

294 1625 473 1680 mos
500 1622 841 1695 movere
881 1613 1284 1701 poterant,
1328 1618 1414 1675 ut
1445 1596 1575 1674 has
1604 1596 1700 1673 ad
1816 1620 1998 1674 eum
2023 1620 2286 1701 preces

279 1698 750 1781 funderent,
805 1718 972 1777 non
1017 1715 1180 1775 tam
1213 1717 1362 1798 pro
1405 1691 1558 1772 fine
1607 1715 1865 1777 rerum
1916 1696 2285 1779 omniurn

275 1791 809 1873 accelerando
828 1841 854 1878 ‚
966 1814 1147 1871 uam
1253 1812 1351 1871 ro
1403 1812 1587 1865 mora
1621 1785 1781 1880 finis
1830 1789 2278 1875 othnenda»

275 1912 552 1989 neque
598 1891 841 1970 etiam
883 1886 1079 1968 ilud
1125 1911 1170 1966 a
1229 1882 1656 1982 versabatur
1705 1888 2042 1967 orationi
2081 1911 2280 1985 quo-

278 1989 603 2068 ridianae
625 1984 1031 2101 petitionis
1063 1984 1146 2065 in
1180 1982 1607 2065 Dominica
1632 1986 1989 2065 oratione
2023 1982 2279 2063 secun-

273 2083 435 2169 dae,
468 2083 712 2161 Vemat
736 2101 1002 2179 regnum
1017 2100 1227 2158 tusan-

395 2243 670 2342 Qum
721 2244 935 2323 enim
977 2246 1083 2325 ita
1129 2241 1498 2324 Domino
1534 2241 1872 2335 distante
1917 2265 2275 2330 oramus,

279 2366 461 2422 non
496 2363 811 2421 oramus
856 2358 1160 2421 tantum
1268 2365 1361 2420 ro
1394 2342 1536 2422 illo
1587 2343 1872 2420 ultimo
1904 2344 2276 2420 adventus

281 2438 630 2518 Domini
658 2443 1079 2516 momento
1127 2436 1197 2518 se
1291 2439 1371 2518 ὅ(
1396 2458 1545 2541 pto
1580 2438 1803 2517 rebus
1826 2439 1973 2516 illis
2021 2441 2278 2513 omni·
2396 2523 2407 2536 ,

285 2541 485 2622 bus,
513 2556 687 2633 quae
742 2529 1109 2613 illustrem
1143 2536 1346 2615 illius
1403 2534 1825 2614 adventum
1869 2534 2263 2614 antecede-

282 2656 374 2714 re
419 2634 630 2721 juxta
664 2631 811 2710 Dei
850 2631 1164 2722 oracula
1192 2632 1478 2711 debent
1513 2678 1539 2720 2
1579 2654 1725 2733 pro
1750 2653 1913 2708 non
1950 2631 2268 2731 impedi-

289 2750 383 2808 to
421 2726 642 2806 verbi
694 2726 846 2806 Dei
882 2724 1103 2805 cursu
1129 2778 1153 2810 .
1200 2752 1346 2830 pro
1372 2729 1607 2826 gratia
1652 2728 1972 2828 Spiritus
2015 2726 2288 2814 sansti-

289 2849 464 2931 quae
498 2823 823 2905 verbnm
890 2822 1083 2901 illud
1164 2825 1246 2901 in
1298 2823 1662 2902 cordibus
1700 2826 2272 2902 convertendo-

206 3007 211 3012 ,
287 2946 473 3014 rum,
511 2918 776 2998 efficax
841 2917 1144 3005 reddat,
1185 2944 1324 3017 pro
1369 2917 1868 3000 conversione
1900 2923 2271 2997 omnium

288 3021 683 3131 gentium,
726 3035 963 3115 quam
1016 3033 1140 3093 tot
1169 3018 1602 3096 seculorum
1639 3016 1992 3096 decursus
2020 3015 2272 3092 hacte-

292 3140 434 3202 nus
485 3112 944 3217 postulavit,
984 3135 1132 3190 nee
1172 3113 1427 3193 adhuc
1457 3115 1553 3191 ad
1597 3135 1875 3193 omnes
1910 3128 2270 3212 pervaga-

299 3233 374 3294 ta
415 3211 522 3291 fit.
637 3211 866 3289 Bone
923 3211 1193 3290 Deus!
1261 3212 1432 3309 quis
1480 3206 1830 3288 nostrum
1869 3206 2203 3286 narrabit
2240 3257 2266 3291 ‚

298 3328 484 3482 gunt
542 3308 812 3391 adhuc
890 3304 1135 3394 i'ecula
1223 3305 1531 3404 reliquis
1611 3302 2119 3408 superstitibus
2168 3306 2265 3382 ad

300 3468 304 3470 Δ
368 3405 662 3490 hristum
765 3402 1316 3483 convertendis
1418 3406 1893 3504 requirantur
1943 3405 1971 3477 ἓ
2157 3426 2271 3498 uae

292 3521 476 3591 tetrae
519 3504 808 3589 adhuc
843 3500 1308 3597 incognitae?
1412 3502 1603 3600 Qae
1638 3499 1974 3577 colonia:
2008 3500 2104 3575 ad
2167 3523 2264 3578 uc

267 3601 792 3700 deducendae?
897 3593 1093 3701 Qae
1132 3595 1411 3773 Πηέιιε
1455 3595 1715 3690 adhue
1749 3594 2263 3712 addiscendae?

1345 3713 1400 3783 4
2021 3714 2026 3719 ’
2186 3716 2267 3771 m
