<?xml version="1.0" encoding="UTF-8"?>
<!DOCTYPE html PUBLIC "-//W3C//DTD XHTML 1.0 Transitional//EN"
    "http://www.w3.org/TR/xhtml1/DTD/xhtml1-transitional.dtd">
<html xmlns="http://www.w3.org/1999/xhtml" xml:lang="en" lang="en">
 <head>
  <title>
</title>
<meta http-equiv="Content-Type" content="text/html;charset=utf-8" />
  <meta name='ocr-system' content='tesseract 3.04.00' />
  <meta name='ocr-capabilities' content='ocr_page ocr_carea ocr_par ocr_line ocrx_word'/>
</head>
<body>
  <div class='ocr_page' id='page_1' title='image "./saturadissertat00unkngoog_0388.png"; bbox 0 0 2590 4326; ppageno 0'>
   <div class='ocr_carea' id='block_1_1' title="bbox 306 72 1748 228">
    <p class='ocr_par' dir='ltr' id='par_1_1' title="bbox 306 72 1748 228">
     <span class='ocr_line' id='line_1_1' title="bbox 306 72 1748 228; baseline 0.006 -55"><span class='ocrx_word' id='word_1_1' title='bbox 306 88 681 228; x_wconf 13' lang='grc' dir='ltr'><strong>,Ξῖ-44η</strong></span> <span class='ocrx_word' id='word_1_2' title='bbox 806 91 884 99; x_wconf 45' lang='grc'><strong>&lt;·</strong></span> <span class='ocrx_word' id='word_1_3' title='bbox 1064 133 1072 141; x_wconf 90' lang='grc'>-</span> <span class='ocrx_word' id='word_1_4' title='bbox 1214 72 1748 180; x_wconf 49' lang='lat' dir='ltr'><strong>ava-&gt;mat</strong></span> 
     </span>
    </p>
   </div>
   <div class='ocr_carea' id='block_1_2' title="bbox 410 251 2408 834">
    <p class='ocr_par' dir='ltr' id='par_1_2' title="bbox 410 251 2408 834">
     <span class='ocr_line' id='line_1_2' title="bbox 411 251 2398 358; baseline -0.001 -28"><span class='ocrx_word' id='word_1_5' title='bbox 411 265 869 354; x_wconf 79' lang='lat' dir='ltr'><strong>pecc-atores,</strong></span> <span class='ocrx_word' id='word_1_6' title='bbox 927 252 1433 358; x_wconf 71' lang='lat' dir='ltr'><strong>pronuntiabit</strong></span> <span class='ocrx_word' id='word_1_7' title='bbox 1500 251 1926 328; x_wconf 85' lang='lat' dir='ltr'><strong>sententiam</strong></span> <span class='ocrx_word' id='word_1_8' title='bbox 1956 277 2012 339; x_wconf 88' lang='lat'><strong>,·</strong></span> <span class='ocrx_word' id='word_1_9' title='bbox 2048 265 2398 334; x_wconf 65' lang='lat' dir='ltr'><strong>‚aeternos</strong></span> 
     </span>
     <span class='ocr_line' id='line_1_3' title="bbox 414 346 2400 449; baseline -0.001 -23"><span class='ocrx_word' id='word_1_10' title='bbox 414 373 600 449; x_wconf 88' lang='lat' dir='ltr'><strong>quos</strong></span> <span class='ocrx_word' id='word_1_11' title='bbox 620 346 1083 423; x_wconf 79' lang='lat' dir='ltr'><strong>sustinebunt</strong></span> <span class='ocrx_word' id='word_1_12' title='bbox 1130 350 1487 424; x_wconf 89' lang='lat' dir='ltr'><strong>cruciatus</strong></span> <span class='ocrx_word' id='word_1_13' title='bbox 1505 404 1525 433; x_wconf 91' lang='lat'><strong>,</strong></span> <span class='ocrx_word' id='word_1_14' title='bbox 1559 350 1632 423; x_wconf 84' lang='lat'>&amp;</span> <span class='ocrx_word' id='word_1_15' title='bbox 1680 351 1962 435; x_wconf 87' lang='lat' dir='ltr'><strong>mortis,</strong></span> <span class='ocrx_word' id='word_1_16' title='bbox 2013 372 2177 449; x_wconf 83' lang='lat' dir='ltr'><strong>quae</strong></span> <span class='ocrx_word' id='word_1_17' title='bbox 2228 352 2253 422; x_wconf 90' lang='lat' dir='ltr'><strong>i</strong></span> <span class='ocrx_word' id='word_1_18' title='bbox 2311 347 2400 425; x_wconf 86' lang='lat' dir='ltr'><strong>fis</strong></span> 
     </span>
     <span class='ocr_line' id='line_1_4' title="bbox 410 443 2402 530; baseline -0.001 -7"><span class='ocrx_word' id='word_1_19' title='bbox 410 447 710 523; x_wconf 88' lang='lat' dir='ltr'><strong>incubat</strong></span> <span class='ocrx_word' id='word_1_20' title='bbox 728 494 749 529; x_wconf 81' lang='lat'><strong>,</strong></span> <span class='ocrx_word' id='word_1_21' title='bbox 782 443 1109 520; x_wconf 84' lang='lat' dir='ltr'><strong>secundae</strong></span> <span class='ocrx_word' id='word_1_22' title='bbox 1145 443 1803 530; x_wconf 86' lang='lat' dir='ltr'><strong>immortalitatem,</strong></span> <span class='ocrx_word' id='word_1_23' title='bbox 1840 444 2157 528; x_wconf 86' lang='lat' dir='ltr'><strong>luridam</strong></span> <span class='ocrx_word' id='word_1_24' title='bbox 2189 448 2214 519; x_wconf 92' lang='lat' dir='ltr'><strong>i</strong></span> <span class='ocrx_word' id='word_1_25' title='bbox 2277 470 2402 521; x_wconf 90' lang='lat' dir='ltr'><strong>am</strong></span> 
     </span>
     <span class='ocr_line' id='line_1_5' title="bbox 411 539 2401 642; baseline -0.001 -23"><span class='ocrx_word' id='word_1_26' title='bbox 411 568 498 619; x_wconf 90' lang='lat' dir='ltr'><strong>ac</strong></span> <span class='ocrx_word' id='word_1_27' title='bbox 535 539 928 642; x_wconf 84' lang='lat' dir='ltr'>squalidam</span> <span class='ocrx_word' id='word_1_28' title='bbox 972 596 994 627; x_wconf 91' lang='lat'><strong>,</strong></span> <span class='ocrx_word' id='word_1_29' title='bbox 1045 543 1378 617; x_wconf 89' lang='lat' dir='ltr'><strong>tetricam</strong></span> <span class='ocrx_word' id='word_1_30' title='bbox 1410 604 1414 608; x_wconf 95' lang='lat'>.</span> <span class='ocrx_word' id='word_1_31' title='bbox 1454 564 1536 617; x_wconf 93' lang='lat' dir='ltr'><strong>ac</strong></span> <span class='ocrx_word' id='word_1_32' title='bbox 1591 540 1987 619; x_wconf 80' lang='lat' dir='ltr'>terribilem</span> <span class='ocrx_word' id='word_1_33' title='bbox 2036 542 2347 618; x_wconf 70' lang='lat' dir='ltr'><strong>nostem</strong></span> <span class='ocrx_word' id='word_1_34' title='bbox 2380 596 2401 629; x_wconf 88' lang='lat'>‚</span> 
     </span>
     <span class='ocr_line' id='line_1_6' title="bbox 413 636 2408 737; baseline 0 -22"><span class='ocrx_word' id='word_1_35' title='bbox 413 640 542 715; x_wconf 86' lang='lat' dir='ltr'><strong>his</strong></span> <span class='ocrx_word' id='word_1_36' title='bbox 576 636 844 713; x_wconf 83' lang='lat' dir='ltr'><strong>miseris</strong></span> <span class='ocrx_word' id='word_1_37' title='bbox 912 636 1001 715; x_wconf 88' lang='lat' dir='ltr'><strong>ad</strong></span> <span class='ocrx_word' id='word_1_38' title='bbox 1038 636 1159 713; x_wconf 88' lang='lat' dir='ltr'><strong>sua</strong></span> <span class='ocrx_word' id='word_1_39' title='bbox 1190 636 1542 737; x_wconf 89' lang='lat' dir='ltr'><strong>supplicia</strong></span> <span class='ocrx_word' id='word_1_40' title='bbox 1579 636 1907 735; x_wconf 86' lang='lat' dir='ltr'><strong>separatis</strong></span> <span class='ocrx_word' id='word_1_41' title='bbox 1927 694 1948 725; x_wconf 93' lang='lat'><strong>,</strong></span> <span class='ocrx_word' id='word_1_42' title='bbox 1991 640 2070 714; x_wconf 93' lang='lat' dir='ltr'><strong>in</strong></span> <span class='ocrx_word' id='word_1_43' title='bbox 2102 662 2408 715; x_wconf 88' lang='lat' dir='ltr'><strong>averna-</strong></span> 
     </span>
     <span class='ocr_line' id='line_1_7' title="bbox 415 732 2408 834; baseline 0 -23"><span class='ocrx_word' id='word_1_44' title='bbox 415 735 604 811; x_wconf 90' lang='lat' dir='ltr'><strong>libus</strong></span> <span class='ocrx_word' id='word_1_45' title='bbox 656 732 967 811; x_wconf 87' lang='lat' dir='ltr'><strong>claustris</strong></span> <span class='ocrx_word' id='word_1_46' title='bbox 1028 732 1176 811; x_wconf 88' lang='lat' dir='ltr'><strong>fine</strong></span> <span class='ocrx_word' id='word_1_47' title='bbox 1229 732 1352 833; x_wconf 88' lang='lat' dir='ltr'><strong>spe</strong></span> <span class='ocrx_word' id='word_1_48' title='bbox 1394 732 1867 811; x_wconf 83' lang='lat' dir='ltr'><strong>illucescentis</strong></span> <span class='ocrx_word' id='word_1_49' title='bbox 1904 758 2242 834; x_wconf 89' lang='lat' dir='ltr'><strong>unquam</strong></span> <span class='ocrx_word' id='word_1_50' title='bbox 2278 760 2408 811; x_wconf 87' lang='lat' dir='ltr'><strong>au-</strong></span> 
     </span>
    </p>
   </div>
   <div class='ocr_carea' id='block_1_3' title="bbox 414 830 1607 1025">
    <p class='ocr_par' dir='ltr' id='par_1_3' title="bbox 414 830 1607 1025">
     <span class='ocr_line' id='line_1_8' title="bbox 414 830 1458 929; baseline -0.006 -21"><span class='ocrx_word' id='word_1_51' title='bbox 414 856 599 909; x_wconf 86' lang='lat' dir='ltr'><strong>rorae</strong></span> <span class='ocrx_word' id='word_1_52' title='bbox 662 830 1094 929; x_wconf 86' lang='lat' dir='ltr'><strong>exigendam</strong></span> <span class='ocrx_word' id='word_1_53' title='bbox 1108 888 1130 918; x_wconf 92' lang='lat'><strong>,</strong></span> <span class='ocrx_word' id='word_1_54' title='bbox 1182 855 1458 904; x_wconf 79' lang='lat' dir='ltr'><strong>vermem</strong></span> 
     </span>
     <span class='ocr_line' id='line_1_9' title="bbox 416 860 1607 1025; baseline 0.002 -24"><span class='ocrx_word' id='word_1_55' title='bbox 416 939 528 1025; x_wconf 82' lang='lat' dir='ltr'><strong>qui</strong></span> <span class='ocrx_word' id='word_1_56' title='bbox 560 956 688 1003; x_wconf 84' lang='lat' dir='ltr'><strong>non</strong></span> <span class='ocrx_word' id='word_1_57' title='bbox 752 935 1155 1024; x_wconf 77' lang='lat' dir='ltr'><strong>extinguitur.</strong></span> <span class='ocrx_word' id='word_1_58' title='bbox 1178 984 1200 1015; x_wconf 91' lang='lat'><strong>,</strong></span> <span class='ocrx_word' id='word_1_59' title='bbox 1248 860 1607 1003; x_wconf 52' lang='lat' dir='ltr'>denfiffi</span> 
     </span>
    </p>
   </div>
   <div class='ocr_carea' id='block_1_4' title="bbox 667 202 928 219">
    <p class='ocr_par' dir='ltr' id='par_1_4' title="bbox 667 202 928 219">
     <span class='ocr_line' id='line_1_10' title="bbox 667 202 928 219; baseline 0 0"><span class='ocrx_word' id='word_1_60' title='bbox 667 202 928 219; x_wconf 95' lang='lat' dir='ltr'><strong> </strong></span> 
     </span>
    </p>
   </div>
   <div class='ocr_carea' id='block_1_5' title="bbox 931 206 1450 225">
    <p class='ocr_par' dir='ltr' id='par_1_5' title="bbox 931 206 1450 225">
     <span class='ocr_line' id='line_1_11' title="bbox 931 206 1450 225; baseline 0 4101"><span class='ocrx_word' id='word_1_61' title='bbox 931 206 1450 225; x_wconf 95' lang='lat' dir='ltr'><strong> </strong></span> 
     </span>
    </p>
   </div>
   <div class='ocr_carea' id='block_1_6' title="bbox 2207 205 2405 225">
    <p class='ocr_par' dir='ltr' id='par_1_6' title="bbox 2207 205 2405 225">
     <span class='ocr_line' id='line_1_12' title="bbox 2207 205 2405 225; baseline 0.01 -4"><span class='ocrx_word' id='word_1_62' title='bbox 2207 205 2405 225; x_wconf 73' lang='lat'><strong>——-</strong></span> 
     </span>
    </p>
   </div>
   <div class='ocr_carea' id='block_1_7' title="bbox 358 841 2412 3528">
    <p class='ocr_par' dir='ltr' id='par_1_7' title="bbox 358 841 2411 3444">
     <span class='ocr_line' id='line_1_13' title="bbox 1646 841 2408 930; baseline 0.003 -26"><span class='ocrx_word' id='word_1_63' title='bbox 1646 860 1773 906; x_wconf 84' lang='lat' dir='ltr'><strong>non</strong></span> <span class='ocrx_word' id='word_1_64' title='bbox 1808 842 2083 906; x_wconf 73' lang='lat' dir='ltr'><strong>moritur</strong></span> <span class='ocrx_word' id='word_1_65' title='bbox 2119 887 2142 918; x_wconf 93' lang='lat'><strong>,</strong></span> <span class='ocrx_word' id='word_1_66' title='bbox 2195 841 2408 930; x_wconf 81' lang='lat' dir='ltr'><em>ignem</em></span> 
     </span>
     <span class='ocr_line' id='line_1_14' title="bbox 1604 915 2406 1004; baseline 0.001 -1"><span class='ocrx_word' id='word_1_67' title='bbox 1604 951 1687 1003; x_wconf 91' lang='lat' dir='ltr'><strong>os</strong></span> <span class='ocrx_word' id='word_1_68' title='bbox 1732 936 2139 1004; x_wconf 79' lang='lat' dir='ltr'><strong>Cruciamum</strong></span> <span class='ocrx_word' id='word_1_69' title='bbox 2178 915 2406 1003; x_wconf 79' lang='lat' dir='ltr'><strong>infer-</strong></span> 
     </span>
     <span class='ocr_line' id='line_1_15' title="bbox 417 1022 2404 1128; baseline 0 -27"><span class='ocrx_word' id='word_1_70' title='bbox 417 1024 695 1101; x_wconf 88' lang='lat' dir='ltr'><strong>nalium</strong></span> <span class='ocrx_word' id='word_1_71' title='bbox 715 1026 933 1118; x_wconf 70' lang='lat' dir='ltr'><strong>simios</strong></span> <span class='ocrx_word' id='word_1_72' title='bbox 962 1080 982 1110; x_wconf 95' lang='lat'><strong>,</strong></span> <span class='ocrx_word' id='word_1_73' title='bbox 1058 1026 1185 1125; x_wconf 92' lang='lat' dir='ltr'><strong>qui</strong></span> <span class='ocrx_word' id='word_1_74' title='bbox 1264 1047 1360 1100; x_wconf 87' lang='lat' dir='ltr'><strong>ex</strong></span> <span class='ocrx_word' id='word_1_75' title='bbox 1398 1022 1562 1124; x_wconf 85' lang='lat' dir='ltr'><strong>ipfis</strong></span> <span class='ocrx_word' id='word_1_76' title='bbox 1596 1023 2028 1101; x_wconf 84' lang='lat' dir='ltr'><strong>Acherontis</strong></span> <span class='ocrx_word' id='word_1_77' title='bbox 2085 1027 2404 1128; x_wconf 32' lang='lat' dir='ltr'><strong>,ignibus</strong></span> 
     </span>
     <span class='ocr_line' id='line_1_16' title="bbox 412 1120 2405 1222; baseline 0 -25"><span class='ocrx_word' id='word_1_78' title='bbox 412 1121 552 1197; x_wconf 85' lang='lat' dir='ltr'><strong>diu</strong></span> <span class='ocrx_word' id='word_1_79' title='bbox 589 1120 959 1222; x_wconf 67' lang='lat' dir='ltr'><strong>noctuque</strong></span> <span class='ocrx_word' id='word_1_80' title='bbox 1012 1123 1089 1196; x_wconf 89' lang='lat' dir='ltr'><strong>in</strong></span> <span class='ocrx_word' id='word_1_81' title='bbox 1122 1145 1379 1198; x_wconf 89' lang='lat' dir='ltr'><strong>omnes</strong></span> <span class='ocrx_word' id='word_1_82' title='bbox 1446 1121 1876 1198; x_wconf 85' lang='lat' dir='ltr'><strong>evolventur</strong></span> <span class='ocrx_word' id='word_1_83' title='bbox 1917 1128 2405 1198; x_wconf 82' lang='lat' dir='ltr'><strong>aeternitatum</strong></span> 
     </span>
     <span class='ocr_line' id='line_1_17' title="bbox 422 1217 2406 1314; baseline -0.003 -19"><span class='ocrx_word' id='word_1_84' title='bbox 422 1220 847 1314; x_wconf 79' lang='lat' dir='ltr'><strong>aeternitates</strong></span> <span class='ocrx_word' id='word_1_85' title='bbox 864 1272 884 1304; x_wconf 89' lang='lat'><strong>,</strong></span> <span class='ocrx_word' id='word_1_86' title='bbox 933 1238 1167 1314; x_wconf 85' lang='lat' dir='ltr'><strong>poenam</strong></span> <span class='ocrx_word' id='word_1_87' title='bbox 1227 1227 1439 1291; x_wconf 60' lang='lat' dir='ltr'><strong>aterni</strong></span> <span class='ocrx_word' id='word_1_88' title='bbox 1497 1228 1677 1291; x_wconf 86' lang='lat' dir='ltr'><strong>exitii</strong></span> <span class='ocrx_word' id='word_1_89' title='bbox 1727 1249 1767 1291; x_wconf 91' lang='lat' dir='ltr'><strong>a</strong></span> <span class='ocrx_word' id='word_1_90' title='bbox 1796 1223 1965 1313; x_wconf 79' lang='lat' dir='ltr'><strong>facie</strong></span> <span class='ocrx_word' id='word_1_91' title='bbox 1999 1228 2270 1293; x_wconf 86' lang='lat' dir='ltr'><em>Domini</em></span> <span class='ocrx_word' id='word_1_92' title='bbox 2316 1217 2406 1306; x_wconf 59' lang='grc' dir='ltr'><strong>ἓξ</strong></span> 
     </span>
     <span class='ocr_line' id='line_1_18' title="bbox 412 1314 2410 1415; baseline 0.002 -27"><span class='ocrx_word' id='word_1_93' title='bbox 412 1346 462 1388; x_wconf 90' lang='lat' dir='ltr'><strong>.a</strong></span> <span class='ocrx_word' id='word_1_94' title='bbox 477 1317 687 1412; x_wconf 82' lang='lat' dir='ltr'><strong>gloria</strong></span> <span class='ocrx_word' id='word_1_95' title='bbox 746 1316 987 1388; x_wconf 70' lang='lat' dir='ltr'><strong>roboris</strong></span> <span class='ocrx_word' id='word_1_96' title='bbox 1033 1319 1151 1404; x_wconf 81' lang='lat' dir='ltr'><strong>ejus</strong></span> <span class='ocrx_word' id='word_1_97' title='bbox 1173 1370 1194 1400; x_wconf 92' lang='lat'><strong>,</strong></span> <span class='ocrx_word' id='word_1_98' title='bbox 1246 1314 1694 1392; x_wconf 88' lang='lat' dir='ltr'><strong>adamanteas</strong></span> <span class='ocrx_word' id='word_1_99' title='bbox 1727 1315 2052 1415; x_wconf 86' lang='lat' dir='ltr'><strong>caliginis</strong></span> <span class='ocrx_word' id='word_1_100' title='bbox 2098 1338 2410 1415; x_wconf 89' lang='lat' dir='ltr'><strong>compe-</strong></span> 
     </span>
     <span class='ocr_line' id='line_1_19' title="bbox 411 1410 2410 1513; baseline -0.001 -24"><span class='ocrx_word' id='word_1_101' title='bbox 411 1412 591 1498; x_wconf 90' lang='lat' dir='ltr'><strong>·des,</strong></span> <span class='ocrx_word' id='word_1_102' title='bbox 645 1434 951 1487; x_wconf 84' lang='lat' dir='ltr'><strong>nervum</strong></span> <span class='ocrx_word' id='word_1_103' title='bbox 1003 1414 1078 1486; x_wconf 72' lang='grc' dir='ltr'><strong>ἅτ</strong></span> <span class='ocrx_word' id='word_1_104' title='bbox 1134 1434 1533 1498; x_wconf 85' lang='lat' dir='ltr'><strong>carcerem,</strong></span> <span class='ocrx_word' id='word_1_105' title='bbox 1581 1476 1585 1482; x_wconf 92' lang='lat'>.</span> <span class='ocrx_word' id='word_1_106' title='bbox 1623 1435 1715 1487; x_wconf 84' lang='lat' dir='ltr'><strong>ex</strong></span> <span class='ocrx_word' id='word_1_107' title='bbox 1767 1436 1920 1513; x_wconf 90' lang='lat' dir='ltr'><strong>quo</strong></span> <span class='ocrx_word' id='word_1_108' title='bbox 1985 1435 2147 1489; x_wconf 91' lang='lat' dir='ltr'><strong>non</strong></span> <span class='ocrx_word' id='word_1_109' title='bbox 2193 1410 2410 1488; x_wconf 85' lang='lat' dir='ltr'><strong>datur</strong></span> 
     </span>
     <span class='ocr_line' id='line_1_20' title="bbox 426 1507 2404 1609; baseline -0.001 -24"><span class='ocrx_word' id='word_1_110' title='bbox 426 1512 703 1606; x_wconf 87' lang='lat' dir='ltr'><strong>exitus,</strong></span> <span class='ocrx_word' id='word_1_111' title='bbox 752 1508 990 1583; x_wconf 91' lang='lat' dir='ltr'><strong>donec</strong></span> <span class='ocrx_word' id='word_1_112' title='bbox 1026 1507 1374 1585; x_wconf 88' lang='lat' dir='ltr'><strong>ultimum</strong></span> <span class='ocrx_word' id='word_1_113' title='bbox 1435 1507 1818 1585; x_wconf 86' lang='lat' dir='ltr'><strong>exsolveris</strong></span> <span class='ocrx_word' id='word_1_114' title='bbox 1863 1508 2346 1609; x_wconf 65' lang='lat' dir='ltr'><strong>quadrantem</strong></span> <span class='ocrx_word' id='word_1_115' title='bbox 2383 1564 2404 1594; x_wconf 93' lang='lat'>‚</span> 
     </span>
     <span class='ocr_line' id='line_1_21' title="bbox 418 1603 2409 1704; baseline -0.001 -23"><span class='ocrx_word' id='word_1_116' title='bbox 418 1608 728 1687; x_wconf 30' lang='lat' dir='ltr'><strong>,extimas</strong></span> <span class='ocrx_word' id='word_1_117' title='bbox 777 1604 1102 1680; x_wconf 87' lang='lat' dir='ltr'><strong>tenebras</strong></span> <span class='ocrx_word' id='word_1_118' title='bbox 1120 1661 1149 1692; x_wconf 72' lang='lat'><strong>,‚</strong></span> <span class='ocrx_word' id='word_1_119' title='bbox 1208 1606 1289 1679; x_wconf 91' lang='lat' dir='ltr'><strong>in</strong></span> <span class='ocrx_word' id='word_1_120' title='bbox 1340 1606 1603 1704; x_wconf 88' lang='lat' dir='ltr'><strong>quibus</strong></span> <span class='ocrx_word' id='word_1_121' title='bbox 1650 1606 1749 1681; x_wconf 92' lang='lat' dir='ltr'><strong>ob</strong></span> <span class='ocrx_word' id='word_1_122' title='bbox 1785 1606 2059 1683; x_wconf 88' lang='lat' dir='ltr'><strong>lentam</strong></span> <span class='ocrx_word' id='word_1_123' title='bbox 2100 1603 2409 1681; x_wconf 80' lang='lat' dir='ltr'><strong>miserri-</strong></span> 
     </span>
     <span class='ocr_line' id='line_1_22' title="bbox 426 1698 2410 1801; baseline 0.001 -25"><span class='ocrx_word' id='word_1_124' title='bbox 426 1724 767 1800; x_wconf 84' lang='lat' dir='ltr'><strong>mamque</strong></span> <span class='ocrx_word' id='word_1_125' title='bbox 813 1698 1098 1778; x_wconf 86' lang='lat' dir='ltr'><strong>invidiae</strong></span> <span class='ocrx_word' id='word_1_126' title='bbox 1124 1758 1145 1788; x_wconf 93' lang='lat'><strong>,</strong></span> <span class='ocrx_word' id='word_1_127' title='bbox 1221 1719 1387 1801; x_wconf 78' lang='lat' dir='ltr'><strong>quae</strong></span> <span class='ocrx_word' id='word_1_128' title='bbox 1430 1701 1938 1780; x_wconf 84' lang='lat' dir='ltr'><strong>damnatorum</strong></span> <span class='ocrx_word' id='word_1_129' title='bbox 1967 1700 2239 1777; x_wconf 85' lang='lat' dir='ltr'><strong>viscera</strong></span> <span class='ocrx_word' id='word_1_130' title='bbox 2284 1725 2410 1778; x_wconf 90' lang='lat' dir='ltr'><strong>co-</strong></span> 
     </span>
     <span class='ocr_line' id='line_1_23' title="bbox 429 1795 2402 1899; baseline -0.001 -25"><span class='ocrx_word' id='word_1_131' title='bbox 429 1812 655 1899; x_wconf 81' lang='lat' dir='ltr'><strong>quet,</strong></span> <span class='ocrx_word' id='word_1_132' title='bbox 691 1800 931 1874; x_wconf 91' lang='lat' dir='ltr'><strong>tabem</strong></span> <span class='ocrx_word' id='word_1_133' title='bbox 947 1852 967 1884; x_wconf 88' lang='lat'><strong>,</strong></span> <span class='ocrx_word' id='word_1_134' title='bbox 1023 1800 1120 1875; x_wconf 93' lang='lat' dir='ltr'><strong>ob</strong></span> <span class='ocrx_word' id='word_1_135' title='bbox 1155 1795 1600 1876; x_wconf 84' lang='lat' dir='ltr'><strong>saeviflimum</strong></span> <span class='ocrx_word' id='word_1_136' title='bbox 1639 1802 1759 1895; x_wconf 84' lang='lat' dir='ltr'><strong>irae</strong></span> <span class='ocrx_word' id='word_1_137' title='bbox 1806 1798 2067 1874; x_wconf 83' lang='lat' dir='ltr'><strong>divinae</strong></span> <span class='ocrx_word' id='word_1_138' title='bbox 2094 1796 2402 1884; x_wconf 89' lang='lat' dir='ltr'><strong>sensum,</strong></span> 
     </span>
     <span class='ocr_line' id='line_1_24' title="bbox 418 1893 2405 1982; baseline -0.001 -11"><span class='ocrx_word' id='word_1_139' title='bbox 418 1896 531 1972; x_wconf 87' lang='lat' dir='ltr'><strong>ob</strong></span> <span class='ocrx_word' id='word_1_140' title='bbox 575 1895 925 1971; x_wconf 83' lang='lat' dir='ltr'><strong>aestuantis</strong></span> <span class='ocrx_word' id='word_1_141' title='bbox 956 1894 1412 1972; x_wconf 70' lang='lat' dir='ltr'><strong>conscientiae</strong></span> <span class='ocrx_word' id='word_1_142' title='bbox 1460 1894 1799 1971; x_wconf 89' lang='lat' dir='ltr'><strong>horrores</strong></span> <span class='ocrx_word' id='word_1_143' title='bbox 1828 1953 1847 1982; x_wconf 93' lang='lat'><strong>,</strong></span> <span class='ocrx_word' id='word_1_144' title='bbox 1905 1896 1978 1971; x_wconf 70' lang='grc' dir='ltr'><strong>δε</strong></span> <span class='ocrx_word' id='word_1_145' title='bbox 2009 1893 2224 1970; x_wconf 87' lang='lat' dir='ltr'><strong>surda</strong></span> <span class='ocrx_word' id='word_1_146' title='bbox 2251 1918 2405 1970; x_wconf 85' lang='lat' dir='ltr'><strong>ver-</strong></span> 
     </span>
     <span class='ocr_line' id='line_1_25' title="bbox 432 1990 2407 2092; baseline 0 -24"><span class='ocrx_word' id='word_1_147' title='bbox 432 1993 602 2074; x_wconf 89' lang='lat' dir='ltr'><strong>bera</strong></span> <span class='ocrx_word' id='word_1_148' title='bbox 621 2048 643 2079; x_wconf 89' lang='lat'><strong>,</strong></span> <span class='ocrx_word' id='word_1_149' title='bbox 688 1993 762 2067; x_wconf 86' lang='lat'>&amp;</span> <span class='ocrx_word' id='word_1_150' title='bbox 803 1991 1030 2068; x_wconf 87' lang='lat' dir='ltr'><strong>rabies</strong></span> <span class='ocrx_word' id='word_1_151' title='bbox 1081 1993 1155 2067; x_wconf 88' lang='lat'>&amp;</span> <span class='ocrx_word' id='word_1_152' title='bbox 1213 1991 1515 2068; x_wconf 85' lang='lat' dir='ltr'><strong>laniatus</strong></span> <span class='ocrx_word' id='word_1_153' title='bbox 1567 1990 2054 2070; x_wconf 88' lang='lat' dir='ltr'><strong>intolerabiles</strong></span> <span class='ocrx_word' id='word_1_154' title='bbox 2082 2048 2101 2078; x_wconf 93' lang='lat'><strong>,</strong></span> <span class='ocrx_word' id='word_1_155' title='bbox 2151 2013 2407 2092; x_wconf 85' lang='lat' dir='ltr'><strong>perpe-</strong></span> 
     </span>
     <span class='ocr_line' id='line_1_26' title="bbox 433 2075 2402 2188; baseline -0.001 -21"><span class='ocrx_word' id='word_1_156' title='bbox 433 2103 601 2167; x_wconf 87' lang='lat' dir='ltr'><strong>tuus</strong></span> <span class='ocrx_word' id='word_1_157' title='bbox 657 2090 791 2165; x_wconf 90' lang='lat' dir='ltr'><strong>erit</strong></span> <span class='ocrx_word' id='word_1_158' title='bbox 825 2086 1035 2165; x_wconf 86' lang='lat' dir='ltr'><strong>fletus</strong></span> <span class='ocrx_word' id='word_1_159' title='bbox 1087 2088 1535 2165; x_wconf 81' lang='lat' dir='ltr'><strong>&amp;dentium</strong></span> <span class='ocrx_word' id='word_1_160' title='bbox 1559 2075 1835 2166; x_wconf 90' lang='lat' dir='ltr'><strong>stridor.</strong></span> <span class='ocrx_word' id='word_1_161' title='bbox 1935 2087 2211 2165; x_wconf 82' lang='lat' dir='ltr'><strong>Saxeus</strong></span> <span class='ocrx_word' id='word_1_162' title='bbox 2232 2111 2402 2188; x_wconf 87' lang='lat' dir='ltr'><strong>pro·</strong></span> 
     </span>
     <span class='ocr_line' id='line_1_27' title="bbox 437 2185 2407 2286; baseline -0.001 -22"><span class='ocrx_word' id='word_1_163' title='bbox 437 2186 788 2264; x_wconf 90' lang='lat' dir='ltr'><strong>culdubio</strong></span> <span class='ocrx_word' id='word_1_164' title='bbox 829 2185 948 2262; x_wconf 91' lang='lat' dir='ltr'><strong>ille</strong></span> <span class='ocrx_word' id='word_1_165' title='bbox 994 2186 1094 2264; x_wconf 90' lang='lat' dir='ltr'><strong>est</strong></span> <span class='ocrx_word' id='word_1_166' title='bbox 1134 2188 1210 2261; x_wconf 65' lang='grc' dir='ltr'><strong>ὃς</strong></span> <span class='ocrx_word' id='word_1_167' title='bbox 1257 2185 1679 2286; x_wconf 88' lang='lat' dir='ltr'><strong>chalybeus,</strong></span> <span class='ocrx_word' id='word_1_168' title='bbox 1799 2210 1971 2263; x_wconf 89' lang='lat' dir='ltr'><strong>uem</strong></span> <span class='ocrx_word' id='word_1_169' title='bbox 2011 2200 2254 2262; x_wconf 90' lang='lat' dir='ltr'><strong>terror</strong></span> <span class='ocrx_word' id='word_1_170' title='bbox 2290 2185 2407 2262; x_wconf 86' lang='lat' dir='ltr'><strong>hic</strong></span> 
     </span>
     <span class='ocr_line' id='line_1_28' title="bbox 412 2211 2407 2382; baseline 0.002 -26"><span class='ocrx_word' id='word_1_171' title='bbox 412 2281 752 2361; x_wconf 67' lang='lat' dir='ltr'><strong>,Domini</strong></span> <span class='ocrx_word' id='word_1_172' title='bbox 788 2307 945 2359; x_wconf 92' lang='lat' dir='ltr'><strong>non</strong></span> <span class='ocrx_word' id='word_1_173' title='bbox 983 2281 1389 2380; x_wconf 85' lang='lat' dir='ltr'><strong>persuadet,</strong></span> <span class='ocrx_word' id='word_1_174' title='bbox 1432 2281 1606 2359; x_wconf 87' lang='lat' dir='ltr'><strong>filex</strong></span> <span class='ocrx_word' id='word_1_175' title='bbox 1637 2211 1838 2360; x_wconf 39' lang='lat' dir='ltr'><strong>estc&amp;</strong></span> <span class='ocrx_word' id='word_1_176' title='bbox 1864 2279 2227 2382; x_wconf 88' lang='lat' dir='ltr'><strong>Marpefia</strong></span> <span class='ocrx_word' id='word_1_177' title='bbox 2244 2306 2407 2359; x_wconf 87' lang='lat' dir='ltr'><strong>cau-</strong></span> 
     </span>
     <span class='ocr_line' id='line_1_29' title="bbox 438 2377 2409 2474; baseline -0.002 -18"><span class='ocrx_word' id='word_1_178' title='bbox 438 2394 568 2468; x_wconf 80' lang='lat' dir='ltr'><strong>teS,</strong></span> <span class='ocrx_word' id='word_1_179' title='bbox 631 2380 832 2474; x_wconf 87' lang='lat' dir='ltr'><strong>cujus</strong></span> <span class='ocrx_word' id='word_1_180' title='bbox 906 2377 1059 2456; x_wconf 90' lang='lat' dir='ltr'><strong>Cor</strong></span> <span class='ocrx_word' id='word_1_181' title='bbox 1138 2404 1295 2454; x_wconf 88' lang='lat' dir='ltr'><strong>non</strong></span> <span class='ocrx_word' id='word_1_182' title='bbox 1346 2379 1647 2456; x_wconf 88' lang='lat' dir='ltr'><strong>emollit.</strong></span> <span class='ocrx_word' id='word_1_183' title='bbox 1746 2388 1815 2456; x_wconf 85' lang='lat' dir='ltr'><strong>Si</strong></span> <span class='ocrx_word' id='word_1_184' title='bbox 1854 2382 2037 2454; x_wconf 86' lang='lat' dir='ltr'><strong>modo</strong></span> <span class='ocrx_word' id='word_1_185' title='bbox 2072 2388 2409 2453; x_wconf 68' lang='lat' dir='ltr'><strong>moriturus</strong></span> 
     </span>
     <span class='ocr_line' id='line_1_30' title="bbox 439 2473 2410 2576; baseline 0.002 -26"><span class='ocrx_word' id='word_1_186' title='bbox 439 2475 598 2574; x_wconf 60' lang='lat' dir='ltr'><strong>effes,</strong></span> <span class='ocrx_word' id='word_1_187' title='bbox 622 2478 952 2572; x_wconf 79' lang='lat' dir='ltr'><strong>&#39;faceresne</strong></span> <span class='ocrx_word' id='word_1_188' title='bbox 1015 2477 1171 2549; x_wconf 70' lang='lat' dir='ltr'><strong>iffud</strong></span> <span class='ocrx_word' id='word_1_189' title='bbox 1186 2480 1232 2548; x_wconf 70' lang='lat'><strong>:⁹</strong></span> <span class='ocrx_word' id='word_1_190' title='bbox 1282 2473 1450 2551; x_wconf 86' lang='lat' dir='ltr'><strong>Sola</strong></span> <span class='ocrx_word' id='word_1_191' title='bbox 1482 2475 1603 2553; x_wconf 87' lang='lat' dir='ltr'><strong>illa</strong></span> <span class='ocrx_word' id='word_1_192' title='bbox 1642 2479 1993 2576; x_wconf 79' lang='lat' dir='ltr'><strong>cogitatio</strong></span> <span class='ocrx_word' id='word_1_193' title='bbox 2024 2476 2170 2552; x_wconf 89' lang='lat' dir='ltr'><strong>fuit</strong></span> <span class='ocrx_word' id='word_1_194' title='bbox 2191 2532 2212 2561; x_wconf 98' lang='lat'><strong>,</strong></span> <span class='ocrx_word' id='word_1_195' title='bbox 2269 2499 2410 2576; x_wconf 76' lang='lat' dir='ltr'><strong>qna</strong></span> 
     </span>
     <span class='ocr_line' id='line_1_31' title="bbox 442 2569 2408 2674; baseline 0.002 -29"><span class='ocrx_word' id='word_1_196' title='bbox 442 2574 605 2670; x_wconf 90' lang='lat' dir='ltr'><strong>pius</strong></span> <span class='ocrx_word' id='word_1_197' title='bbox 626 2570 1018 2670; x_wconf 86' lang='lat' dir='ltr'><strong>quondam</strong></span> <span class='ocrx_word' id='word_1_198' title='bbox 1090 2569 1459 2658; x_wconf 76' lang='lat' dir='ltr'><strong>Ecclefiae,</strong></span> <span class='ocrx_word' id='word_1_199' title='bbox 1510 2597 1671 2674; x_wconf 82' lang='lat' dir='ltr'><strong>quae</strong></span> <span class='ocrx_word' id='word_1_200' title='bbox 1741 2573 2167 2649; x_wconf 87' lang='lat' dir='ltr'><strong>melioribus</strong></span> <span class='ocrx_word' id='word_1_201' title='bbox 2207 2574 2408 2648; x_wconf 88' lang='lat' dir='ltr'><strong>annis</strong></span> 
     </span>
     <span class='ocr_line' id='line_1_32' title="bbox 358 2664 2409 2771; baseline 0.003 -30"><span class='ocrx_word' id='word_1_202' title='bbox 358 2753 362 2757; x_wconf 38' lang='grc'><strong>,</strong></span> <span class='ocrx_word' id='word_1_203' title='bbox 442 2669 720 2743; x_wconf 86' lang='lat' dir='ltr'><strong>vixerat</strong></span> <span class='ocrx_word' id='word_1_204' title='bbox 753 2722 775 2753; x_wconf 90' lang='lat'><strong>,</strong></span> <span class='ocrx_word' id='word_1_205' title='bbox 820 2664 1106 2744; x_wconf 70' lang='lat' dir='ltr'><strong>Dostor</strong></span> <span class='ocrx_word' id='word_1_206' title='bbox 1136 2724 1157 2755; x_wconf 94' lang='lat'><strong>,</strong></span> <span class='ocrx_word' id='word_1_207' title='bbox 1203 2693 1244 2744; x_wconf 91' lang='lat' dir='ltr'><strong>a</strong></span> <span class='ocrx_word' id='word_1_208' title='bbox 1269 2666 1534 2756; x_wconf 84' lang='lat' dir='ltr'><strong>Delila,</strong></span> <span class='ocrx_word' id='word_1_209' title='bbox 1589 2694 1748 2771; x_wconf 86' lang='lat' dir='ltr'><strong>quae</strong></span> <span class='ocrx_word' id='word_1_210' title='bbox 1790 2672 1868 2746; x_wconf 92' lang='lat' dir='ltr'><strong>in</strong></span> <span class='ocrx_word' id='word_1_211' title='bbox 1914 2667 2071 2745; x_wconf 89' lang='lat' dir='ltr'><strong>finu</strong></span> <span class='ocrx_word' id='word_1_212' title='bbox 2113 2667 2246 2746; x_wconf 92' lang='lat' dir='ltr'><strong>suo</strong></span> <span class='ocrx_word' id='word_1_213' title='bbox 2298 2694 2409 2748; x_wconf 83' lang='lat' dir='ltr'><strong>ca-</strong></span> 
     </span>
     <span class='ocr_line' id='line_1_33' title="bbox 413 2760 2407 2939; baseline 0.001 -99"><span class='ocrx_word' id='word_1_214' title='bbox 413 2778 583 2939; x_wconf 49' lang='lat' dir='ltr'><strong>Put</strong></span> <span class='ocrx_word' id='word_1_215' title='bbox 614 2760 972 2863; x_wconf 84' lang='lat' dir='ltr'><strong>feffosque</strong></span> <span class='ocrx_word' id='word_1_216' title='bbox 1011 2765 1267 2841; x_wconf 91' lang='lat' dir='ltr'><strong>oculos</strong></span> <span class='ocrx_word' id='word_1_217' title='bbox 1300 2765 1674 2866; x_wconf 81' lang='lat' dir='ltr'><strong>deposuit,</strong></span> <span class='ocrx_word' id='word_1_218' title='bbox 1712 2791 1923 2843; x_wconf 91' lang='lat' dir='ltr'><strong>carne</strong></span> <span class='ocrx_word' id='word_1_219' title='bbox 1956 2766 2197 2842; x_wconf 87' lang='lat' dir='ltr'><strong>dicere</strong></span> <span class='ocrx_word' id='word_1_220' title='bbox 2233 2765 2407 2844; x_wconf 88' lang='lat' dir='ltr'><strong>volo</strong></span> 
     </span>
     <span class='ocr_line' id='line_1_34' title="bbox 416 2858 2408 2963; baseline 0.001 -28"><span class='ocrx_word' id='word_1_221' title='bbox 416 2930 442 2936; x_wconf 78' lang='grc'><strong>,,</strong></span> <span class='ocrx_word' id='word_1_222' title='bbox 474 2886 565 2937; x_wconf 90' lang='lat' dir='ltr'><strong>ua</strong></span> <span class='ocrx_word' id='word_1_223' title='bbox 608 2915 629 2948; x_wconf 91' lang='lat'><strong>,</strong></span> <span class='ocrx_word' id='word_1_224' title='bbox 703 2858 795 2935; x_wconf 89' lang='lat' dir='ltr'><strong>ad</strong></span> <span class='ocrx_word' id='word_1_225' title='bbox 837 2876 1217 2959; x_wconf 89' lang='lat' dir='ltr'><strong>peccatum</strong></span> <span class='ocrx_word' id='word_1_226' title='bbox 1267 2877 1710 2963; x_wconf 85' lang='lat' dir='ltr'><strong>pertentatus</strong></span> <span class='ocrx_word' id='word_1_227' title='bbox 1735 2920 1755 2950; x_wconf 93' lang='lat'><strong>,</strong></span> <span class='ocrx_word' id='word_1_228' title='bbox 1825 2866 2152 2939; x_wconf 88' lang='lat' dir='ltr'><strong>animum</strong></span> <span class='ocrx_word' id='word_1_229' title='bbox 2202 2862 2408 2938; x_wconf 82' lang='lat' dir='ltr'><strong>fuum</strong></span> 
     </span>
     <span class='ocr_line' id='line_1_35' title="bbox 416 2957 2406 3061; baseline 0.002 -30"><span class='ocrx_word' id='word_1_230' title='bbox 416 2959 934 3035; x_wconf 84' lang='lat' dir='ltr'><strong>communivit</strong></span> <span class='ocrx_word' id='word_1_231' title='bbox 966 3014 987 3044; x_wconf 90' lang='lat'><strong>,</strong></span> <span class='ocrx_word' id='word_1_232' title='bbox 1057 2973 1271 3060; x_wconf 79' lang='lat' dir='ltr'><strong>atque</strong></span> <span class='ocrx_word' id='word_1_233' title='bbox 1321 2962 1420 3036; x_wconf 88' lang='lat' dir='ltr'><strong>ita</strong></span> <span class='ocrx_word' id='word_1_234' title='bbox 1455 2959 1545 3036; x_wconf 91' lang='lat' dir='ltr'><strong>de</strong></span> <span class='ocrx_word' id='word_1_235' title='bbox 1598 2957 2089 3061; x_wconf 82' lang='lat' dir='ltr'><strong>superbissimo</strong></span> <span class='ocrx_word' id='word_1_236' title='bbox 2115 2961 2192 3034; x_wconf 87' lang='lat'>&amp;</span> <span class='ocrx_word' id='word_1_237' title='bbox 2232 2961 2406 3035; x_wconf 80' lang='lat' dir='ltr'><strong>astu-</strong></span> 
     </span>
     <span class='ocr_line' id='line_1_36' title="bbox 447 3052 2406 3156; baseline -0.001 -24"><span class='ocrx_word' id='word_1_238' title='bbox 447 3052 708 3132; x_wconf 87' lang='lat' dir='ltr'><strong>tiffimo</strong></span> <span class='ocrx_word' id='word_1_239' title='bbox 737 3053 941 3130; x_wconf 88' lang='lat' dir='ltr'><strong>hoste</strong></span> <span class='ocrx_word' id='word_1_240' title='bbox 959 3111 978 3141; x_wconf 95' lang='lat'><strong>,</strong></span> <span class='ocrx_word' id='word_1_241' title='bbox 1035 3053 1337 3132; x_wconf 88' lang='lat' dir='ltr'><strong>feliciter</strong></span> <span class='ocrx_word' id='word_1_242' title='bbox 1368 3056 1853 3156; x_wconf 88' lang='lat' dir='ltr'><strong>triumphavit.</strong></span> <span class='ocrx_word' id='word_1_243' title='bbox 1955 3053 2031 3133; x_wconf 88' lang='lat' dir='ltr'>O</span> <span class='ocrx_word' id='word_1_244' title='bbox 2061 3053 2116 3130; x_wconf 89' lang='lat' dir='ltr'><strong>fi</strong></span> <span class='ocrx_word' id='word_1_245' title='bbox 2167 3058 2244 3132; x_wconf 86' lang='lat'>&amp;</span> <span class='ocrx_word' id='word_1_246' title='bbox 2279 3080 2406 3131; x_wconf 83' lang='lat' dir='ltr'><strong>nos</strong></span> 
     </span>
     <span class='ocr_line' id='line_1_37' title="bbox 414 3150 2410 3249; baseline -0.001 -20"><span class='ocrx_word' id='word_1_247' title='bbox 414 3150 801 3229; x_wconf 88' lang='lat' dir='ltr'><strong>.confimili</strong></span> <span class='ocrx_word' id='word_1_248' title='bbox 856 3153 1300 3249; x_wconf 83' lang='lat' dir='ltr'><strong>cogitatione</strong></span> <span class='ocrx_word' id='word_1_249' title='bbox 1366 3156 1691 3229; x_wconf 88' lang='lat' dir='ltr'><strong>animum</strong></span> <span class='ocrx_word' id='word_1_250' title='bbox 1739 3153 2069 3229; x_wconf 86' lang='lat' dir='ltr'><strong>nostrum</strong></span> <span class='ocrx_word' id='word_1_251' title='bbox 2111 3176 2410 3228; x_wconf 88' lang='lat' dir='ltr'><strong>armare-</strong></span> 
     </span>
     <span class='ocr_line' id='line_1_38' title="bbox 397 3246 2408 3336; baseline -0.001 -9"><span class='ocrx_word' id='word_1_252' title='bbox 397 3290 423 3327; x_wconf 77' lang='lat'><strong>·.</strong></span> <span class='ocrx_word' id='word_1_253' title='bbox 450 3272 636 3334; x_wconf 77' lang='lat' dir='ltr'><strong>mu8,</strong></span> <span class='ocrx_word' id='word_1_254' title='bbox 677 3246 946 3325; x_wconf 84' lang='lat' dir='ltr'><strong>Satanae</strong></span> <span class='ocrx_word' id='word_1_255' title='bbox 974 3300 995 3333; x_wconf 89' lang='lat'><strong>,</strong></span> <span class='ocrx_word' id='word_1_256' title='bbox 1051 3247 1359 3335; x_wconf 88' lang='lat' dir='ltr'><strong>Mundi,</strong></span> <span class='ocrx_word' id='word_1_257' title='bbox 1407 3248 1657 3326; x_wconf 89' lang='lat' dir='ltr'><strong>Carnis</strong></span> <span class='ocrx_word' id='word_1_258' title='bbox 1693 3248 1927 3325; x_wconf 89' lang='lat' dir='ltr'><strong>illiciis</strong></span> <span class='ocrx_word' id='word_1_259' title='bbox 1954 3305 1975 3336; x_wconf 93' lang='lat'><strong>,</strong></span> <span class='ocrx_word' id='word_1_260' title='bbox 2001 3247 2146 3327; x_wconf 78' lang='lat' dir='ltr'><strong>his&#39;</strong></span> <span class='ocrx_word' id='word_1_261' title='bbox 2173 3249 2408 3326; x_wconf 86' lang='lat' dir='ltr'><strong>Circes</strong></span> 
     </span>
     <span class='ocr_line' id='line_1_39' title="bbox 418 3342 2411 3444; baseline 0 -24"><span class='ocrx_word' id='word_1_262' title='bbox 418 3423 433 3429; x_wconf 71' lang='grc'><strong>,,</strong></span> <span class='ocrx_word' id='word_1_263' title='bbox 510 3342 740 3420; x_wconf 85' lang='lat' dir='ltr'><strong>oculis</strong></span> <span class='ocrx_word' id='word_1_264' title='bbox 812 3345 887 3419; x_wconf 67' lang='grc' dir='ltr'><strong>δε</strong></span> <span class='ocrx_word' id='word_1_265' title='bbox 955 3342 1289 3419; x_wconf 90' lang='lat' dir='ltr'><strong>Sirenum</strong></span> <span class='ocrx_word' id='word_1_266' title='bbox 1335 3348 1638 3422; x_wconf 85' lang='lat' dir='ltr'><strong>vocibus</strong></span> <span class='ocrx_word' id='word_1_267' title='bbox 1685 3344 2105 3444; x_wconf 87' lang='lat' dir='ltr'><strong>pertentati!</strong></span> <span class='ocrx_word' id='word_1_268' title='bbox 2161 3345 2237 3422; x_wconf 87' lang='lat' dir='ltr'><strong>Si</strong></span> <span class='ocrx_word' id='word_1_269' title='bbox 2265 3366 2411 3421; x_wconf 83' lang='lat' dir='ltr'><strong>vox</strong></span> 
     </span>
    </p>

    <p class='ocr_par' dir='ltr' id='par_1_8' title="bbox 509 3439 2412 3528">
     <span class='ocr_line' id='line_1_40' title="bbox 509 3439 2412 3528; baseline 0.002 -14"><span class='ocrx_word' id='word_1_270' title='bbox 509 3464 609 3515; x_wconf 84' lang='lat' dir='ltr'><strong>aec</strong></span> <span class='ocrx_word' id='word_1_271' title='bbox 657 3439 746 3515; x_wconf 90' lang='lat' dir='ltr'><strong>ad</strong></span> <span class='ocrx_word' id='word_1_272' title='bbox 773 3463 978 3516; x_wconf 87' lang='lat' dir='ltr'><strong>aures</strong></span> <span class='ocrx_word' id='word_1_273' title='bbox 1011 3440 1281 3516; x_wconf 87' lang='lat' dir='ltr'><strong>nostras</strong></span> <span class='ocrx_word' id='word_1_274' title='bbox 1314 3440 1713 3519; x_wconf 89' lang='lat' dir='ltr'><strong>identidem</strong></span> <span class='ocrx_word' id='word_1_275' title='bbox 1748 3443 1960 3519; x_wconf 89' lang='lat' dir='ltr'><strong>nobis</strong></span> <span class='ocrx_word' id='word_1_276' title='bbox 1993 3442 2277 3519; x_wconf 86' lang='lat' dir='ltr'><strong>volaret</strong></span> <span class='ocrx_word' id='word_1_277' title='bbox 2295 3499 2314 3528; x_wconf 92' lang='lat'><strong>,</strong></span> <span class='ocrx_word' id='word_1_278' title='bbox 2349 3448 2412 3518; x_wconf 77' lang='lat' dir='ltr'><strong>Si</strong></span> 
     </span>
    </p>
   </div>
   <div class='ocr_carea' id='block_1_8' title="bbox 455 3535 2416 3714">
    <p class='ocr_par' dir='ltr' id='par_1_9' title="bbox 455 3535 2416 3714">
     <span class='ocr_line' id='line_1_41' title="bbox 455 3535 2416 3714; baseline 0.004 -104"><span class='ocrx_word' id='word_1_279' title='bbox 455 3538 651 3612; x_wconf 86' lang='lat' dir='ltr'><strong>modo-</strong></span> <span class='ocrx_word' id='word_1_280' title='bbox 690 3545 990 3613; x_wconf 83' lang='lat' dir='ltr'><strong>morituri</strong></span> <span class='ocrx_word' id='word_1_281' title='bbox 1028 3535 1261 3636; x_wconf 72' lang='lat' dir='ltr'><strong>effitis,</strong></span> <span class='ocrx_word' id='word_1_282' title='bbox 1304 3541 1599 3638; x_wconf 76' lang='lat' dir='ltr'><strong>faceretis</strong></span> <span class='ocrx_word' id='word_1_283' title='bbox 1629 3566 1707 3615; x_wconf 83' lang='lat' dir='ltr'><strong>ne</strong></span> <span class='ocrx_word' id='word_1_284' title='bbox 1751 3543 1909 3617; x_wconf 83' lang='lat' dir='ltr'><em>illud</em></span> <span class='ocrx_word' id='word_1_285' title='bbox 1915 3542 1971 3633; x_wconf 67' lang='grc' dir='ltr'><strong><em>ἓ</em></strong></span> <span class='ocrx_word' id='word_1_286' title='bbox 2025 3539 2102 3619; x_wconf 82' lang='lat' dir='ltr'><strong>Si</strong></span> <span class='ocrx_word' id='word_1_287' title='bbox 2139 3538 2416 3714; x_wconf 44' lang='lat' dir='ltr'><strong>senff&amp;</strong></span> 
     </span>
    </p>
   </div>
  </div>
 </body>
</html>
