2590 4326
409 159 578 239 600
759 182 781 230 t
874 221 879 228 .
1089 150 1233 255 U&
1343 151 1484 246 )2(
1584 146 1725 250 ἔκ

411 331 760 432 suprema,
825 324 1188 427 rophetias
1232 322 1422 402 adeo
1467 322 1687 399 claras
1722 319 1946 413 fuisse,
1990 336 2102 410 ut,
2149 348 2435 424 quam..

411 430 520 506 vis
579 424 705 501 sub
823 421 1161 523 vangelio
1197 418 1534 496 clariores
1573 418 1768 496 faoae
1796 414 2069 496 fiaerint
2088 476 2110 507 ‚
2155 434 2433 498 tamen

411 522 504 602 ad
572 523 1042 621 aenigmatum
1101 514 1582 596 obscurorum
1624 512 1908 592 classem
1948 516 2190 612 redigi
2248 542 2428 595 non

412 619 746 718 debeant,
844 614 1004 694 Hac
1070 629 1412 716 praeterea
1460 614 2057 728 interpretatione
2096 610 2430 691 Pontifi-

411 718 701 794 ciorum
746 712 839 790 de
917 710 1346 790 obscuritate
1388 709 1615 788 Sacrae
1648 710 2033 807 beripmrae
2076 714 2424 809 garrien-
2495 801 2502 810 ,

410 814 601 891 tium
640 867 662 898 ,
704 807 1141 983 tludaeorum
1172 805 1419 908 Jesum
1458 808 1975 905 abnegantium
2000 862 2022 893 ,
2075 810 2421 885 socinia-

411 931 683 986 norum
763 906 975 981 oedus
1126 907 1244 981 tiae
1268 906 1348 979 in
1379 901 1473 978 V.
1498 902 1585 979 T.
1627 926 1784 978 non
1812 902 2408 1001 agnoscentium,

310 1079 321 1090 „
414 1001 923 1084 Fanaticorum
946 1059 970 1090 ,
1124 1001 1606 1101 profanorum
1642 998 2025 1097 Scripturae
2062 1015 2416 1078 contem-

410 1117 662 1179 torum
700 1100 1011 1177 audaciae
1036 1155 1060 1186 ,
1136 1098 1453 1174 nimium
1500 1120 1660 1172 eam
1695 1098 1988 1194 exponi.
2089 1094 2185 1174 Et
2235 1122 2411 1198 qure

412 1197 548 1276 alia
590 1194 728 1272 Vir
774 1192 1076 1274 Dofflff:
1104 1194 1308 1270 'huic
1398 1192 1761 1270 sententiae
1855 1192 2149 1289 objicit,
2233 1218 2410 1295 que

412 1307 610 1372 certe
649 1295 748 1369 ita
779 1292 964 1379 sunt,
1020 1306 1105 1368 ut
1146 1289 1541 1391 probabilis
1576 1286 1973 1391 quamlibet
1996 1292 2241 1388 primo
2287 1294 2408 1368 in-

412 1394 605 1467 tuitu
640 1387 868 1465 videri
901 1386 1158 1490 posset,
1197 1386 1446 1463 multis
1478 1404 1921 1465 tamenfeam
1949 1383 2397 1465 difficultati-

410 1487 549 1565 bus
600 1484 922 1564 laborare
964 1483 1365 1564 ostendant.

1195 1659 1264 1751 §.
1318 1655 1480 1740 VII.

507 1832 756 1917 Tertia
800 1831 1097 1916 tandem
1138 1834 1359 1915 claffis
1417 1831 1517 1913 est
1556 1859 1817 1915 eorum
1838 1892 1859 1923 ‚
1913 1819 2042 1938 qui
2087 1840 2193 1913 τῆν
2225 1837 2415 1908 ἰδίαν·

409 1935 719 2030 ἐπίλυσιν.
766 1933 858 2011 ad
904 1933 1174 2011 homines
1226 1961 1362 2009 eam
1405 1937 1664 2032 legentes
1691 1932 1783 2021 &
1814 1941 2188 2031 explicantes
2231 1938 2380 2031 r'q‘fe-

408 2054 588 2109 runt.
687 2030 831 2109 Sed
880 2032 957 2109 &
993 2030 1073 2106 hi
1111 2033 1329 2109 verba
1364 2029 1696 2131 Apostoli
1736 2029 2218 2109 diversnnode
2272 2056 2379 2109 ac-

414 2131 716 2230 cipiunt.
817 2126 961 2205 Alii
991 2129 1067 2204 &
1103 2128 1404 2229 quidem
1500 2127 1776 2227 letique
1819 2152 1923 2205 ex
1953 2126 2382 2208 Reformatis

260 2288 265 2295 ,
410 2216 885 2312 notioribus,
921 2222 1117 2325 quafi
1147 2229 1407 2302 monui
1464 2240 1536 2302 et
1563 2280 1585 2311 ‚
1655 2226 2062 2303 cavendum
2109 2225 2250 2305 esse
2292 2252 2380 2304 ne

407 2326 572 2424 quis
610 2345 737 2421 pro
765 2324 1036 2396 arbitrio
1063 2323 1184 2416 suo
1204 2392 1205 2399 ,
1226 2329 1578 2420 ingeniique
1596 2323 1860 2414 solertia
1915 2332 2378 2420 interpretatio-

404 2428 548 2496 nem
608 2424 726 2511 ejus
758 2419 1059 2515 ‘suscipiat
1078 2473 1101 2506 ‚
1145 2429 1321 2514 eique
1360 2441 1501 2515 pro,
1530 2420 1788 2494 libidine
1821 2420 2069 2512 sensum
2109 2422 2373 2519 affingat.

409 2512 550 2592 Alii
598 2518 673 2591 &
711 2514 1010 2616 quidem
1043 2511 1370 2591 Ecclefiae
1437 2513 1790 2593 Romanae
1819 2513 2188 2594 Dodtores
2233 2519 2378 2595 haec

405 2612 625 2688 verba
661 2614 761 2687 ita
808 2625 1228 2725 pervertunt
1258 2668 1281 2699 ,
1327 2625 1412 2687 ut
1436 2636 1570 2711 per
1599 2613 1699 2692 τὴν
1742 2615 1903 2682 ἰδίαν
1930 2613 2211 2685 ἐπίλυσιν
2242 2624 2380 2712 pri-

405 2712 546 2782 vati
586 2703 845 2783 hominis
881 2717 1456 2805 interpretationem
1493 2707 1903 2809 intelligant
1932 2766 1954 2797 ,
2030 2727 2376 2812 quatenus

162 2865 181 2877 ,
280 2830 285 2835 ’
402 2801 525 2902 illa
559 2803 825 2892 scilicet
859 2805 1135 2902 publica,
1173 2806 1249 2881 &
1279 2807 1528 2897 solenni
1564 2815 1751 2881 totius
1784 2809 2037 2920 Ecclefiqz
2068 2811 2379 2921 opponi-

402 2914 524 2977 tur
550 2956 573 2989 ,
650 2915 866 3001 atque
912 2901 1408 2988 contendunt,
1453 2905 1794 2979 omnibus
1848 2902 2263 2989 Chnstianis
2304 2906 2378 2980 in

304 3090 309 3095 ἱ
400 2995 553 3074 hoc
613 2998 786 3074 loco
828 3000 1114 3098 injungi
1163 3054 1185 3085 ,
1239 3012 1326 3074 ut
1388 2998 1468 3074 in
1491 2996 1870 3099 Scripturis
1906 3003 2375 3114 interpretan-

399 3088 552 3181 dis,
582 3097 948 3194 privatum
988 3094 1200 3171 suum
1251 3094 1647 3191 judicium,
1689 3096 1966 3194 judicio
1992 3112 2219 3173 tonus
2249 3096 2376 3175 Ec-

405 3188 652 3289 clefiae‚
698 3191 774 3267 id
808 3190 929 3280 est,
948 3189 1158 3291 Papae
1194 3206 1318 3267 aut
1342 3188 1658 3283 Concilii
1707 3191 2064 3270 infallibili
2103 3194 2371 3290 judicio

332 3348 340 3354 ,
400 3281 826 3365 submittant
846 3344 867 3375 ,
947 3288 1169 3387 idque
1208 3301 1407 3363 tanta
1449 3313 1621 3367 cum
1657 3292 2051 3366 reverentia
2068 3346 2091 3377 ,
2137 3306 2224 3367 ut
2252 3289 2372 3365 nifi

400 3380 696 3461 summae
745 3387 1160 3461 temeritatis
1196 3387 1452 3482 poenas
1500 3385 1699 3461 luere
1729 3384 1953 3462 velint
1982 3442 2003 3473 ,
2035 3388 2126 3461 ab
2177 3388 2370 3463 omni

402 3483 732 3556 examine
767 3495 892 3557 aut
925 3504 1018 3556 ex
1069 3480 1430 3556 loratione
1466 3485 1751 3581 penitus
1790 3483 2205 3560 abstineant.
2238 3482 2368 3558 Sed

362 3594 620 3673 ‘quam
676 3575 974 3657 absurda
1149 3598 1194 3659 c
1278 3589 1501 3679 atque
1541 3575 1585 3656 ὲ
1629 3575 1858 3666 Petri,
1911 3580 2045 3680 qui
2089 3577 2367 3697 Judaeos

500 3722 503 3723 f
634 3726 641 3745 ,
1260 3722 1265 3725 ⁷
2229 3701 2366 3773 πςοσ
