2590 4326
413 128 575 224 386
686 162 696 176 ’
868 53 876 70 ⁸
1194 107 1768 242 &5:(35
2125 123 2145 158 ‘

401 302 837 402 bissimisque
879 299 1173 376 miseriis
1197 356 1218 386 ,
1287 297 1638 398 supereffe
1746 299 1898 374 uod
1935 297 2204 399 speres.
2308 301 2400 380 In

400 399 896 499 voluptatibus
932 397 1052 483 est,
1070 399 1257 472 veris
1304 398 1382 471 in
1406 395 1640 497 specie
1759 396 2108 486 iristianiS,
2134 398 2397 476 ultima

402 499 619 574 etiam
671 492 872 596 paffis
899 551 921 580 ,
986 489 1336 593 superesse
1383 492 1587 605 quod
1622 492 1937 592 sperent,
1997 496 2397 573 imminen-

400 603 571 674 tem,
596 615 863 691 nempe
889 648 909 677 ,
960 613 1182 692 quam
1213 588 1613 666 identrdem
1656 592 1981 689 cogitant
2012 648 2031 678 ,
2077 593 2155 668 &
2195 597 2399 671 votis

396 688 537 767 suis
587 689 975 766 accelerare
1007 710 1386 788 nunquam
1429 684 1781 773 definunt,
1819 685 1946 762 fibi
1987 692 2396 766 mortalita-

395 800 572 874 tem,
613 787 688 863 &
718 809 877 887 quae
924 783 1114 860 hanc
1142 797 1345 861 certo
1377 782 1859 884 consequitur,
1927 810 2150 888 quam
2180 803 2396 863 certo

392 879 602 962 Deus
637 882 773 970 est,
830 883 1112 957 beatam
1161 881 1342 955 &in
1372 904 1676 956 omnem
1720 885 2190 959 aeternitatem
2208 908 2391 984 pro-

393 980 835 1056 tendendam
878 976 1511 1057 immortalitatem.
1613 973 1793 1056 Haec
1839 994 2034 1056 certe
2078 978 2238 1079 spes
2297 982 2389 1056 il-

388 1076 672 1177 liusque
736 1075 1002 1152 devota
1076 1077 1151 1150 &
1223 1076 1416 1174 jugis
1492 1075 1871 1153 meditatio
1907 1132 1928 1163 ,
2014 1100 2178 1179 quae
2233 1078 2383 1178 ipsa

393 1197 614 1276 quam
661 1194 1009 1272 urgemus
1066 1173 1323 1248 mortis
1389 1170 1765 1249 meditatio
1823 1174 1968 1260 est,
2018 1176 2380 1251 maximas

392 1270 853 1372 aegritudines
880 1268 1089 1366 facile
1124 1265 1468 1368 dispellit,
1544 1266 1990 1345 amariffimas
2035 1274 2379 1347 amaritu-

389 1367 593 1444 dines
635 1366 1007 1460 edulcorat
1037 1422 1060 1453 ,
1133 1366 1207 1440 &
1259 1364 1351 1440 ad
1415 1363 1845 1441 acerbiffima
1876 1389 2036 1479 quae
2142 1393 2186 1444 e
2233 1393 2377 1468 pro

384 1461 560 1544 Deo
592 1462 1025 1562 Christoque
1052 1460 1373 1539 alacriter
1406 1476 1618 1562 atque
1673 1391 2377 1563 intrepidessbeun-

386 1561 479 1639 da
532 1559 999 1639 vehementer
1031 1560 1314 1634 animat.
1417 1556 1593 1635 Haec
1643 1558 1763 1635 illa
1834 1561 1934 1635 est
1952 1616 1978 1646 ,
2043 1591 2178 1658 quae
2212 1620 2233 1650 ,
2290 1580 2378 1641 ut

236 1687 242 1694 ·
381 1657 550 1734 scite
618 1680 774 1733 non
840 1678 1064 1731 nemo
1086 1711 1108 1741 ,
1176 1656 1406 1752 lapides
1449 1660 1750 1729 torrenti}
1787 1658 1989 1730 dalces
2005 1662 2170 1754 fecit
2233 1668 2373 1737 Ste-

369 1754 579 1852 phano
600 1810 621 1841 ,
697 1760 955 1829 Crucem
1002 1752 1273 1826 Andreae
1299 1807 1321 1839 ,
1358 1755 1702 1826 violentam
1721 1756 1893 1850 pefftk
1922 1756 2372 1832 denafflionem

321 1910 327 1917 .
382 1850 846 1939 Bartholomaeo,
874 1851 1240 1923 craticulam
1280 1859 1619 1924 Laurentio
1647 1906 1670 1936 ,
1716 1857 1937 1946 virgas
1952 1907 1972 1937 ,
2047 1858 2325 1950 zmgzdas·
2339 1912 2366 1942 ,

376 1946 658 2044 equuleos
686 2005 706 2036 ,
762 1968 935 2024 rotas
951 2001 972 2033 ,
1001 1949 1299 2045 flammas·
1313 2002 1334 2032 ,
1398 1966 1476 2019 ut
1513 1948 1588 2019 de
1641 1949 1975 2021 canonibus
2030 1948 2124 2036 ἓξ
2164 1955 2370 2025 exilit}

374 2045 539 2120 nihil
569 2048 770 2119 dicam
785 2102 806 2132 ,
852 2064 953 2117 tot
996 2044 1369 2137 myriadibus
1405 2044 1927 2134 sane‘i‘iffimorum
1964 2051 2090 2117 Dei
2114 2070 2363 2144 marty..

374 2157 523 2218 imm
543 2201 563 2227 ‚
628 2146 808 2229 Viris,
837 2143 1105 2238 foemintk
1125 2197 1147 2228 ,
1378 2144 1428 2214 ἐς
1462 2149 1648 2214 etiam
1684 2145 2077 2238 immptquue
2102 2149 2353 2241 pueHek,

377 2242 507 2341 qui
529 2238 920 2316 dulcedine
950 2236 1164 2333 hujus
1222 2240 1343 2336 pei
1379 2237 1742 2336 degustata
1769 2294 1790 2325 ,
1829 2237 1921 2314 ad
1945 2242 2361 2318 immanissi-

375 2361 497 2412 ma
535 2349 898 2412 tormenta
935 2391 955 2420 ,
1003 2348 1348 2433 tanquam
1377 2333 1466 2410 ad
1508 2332 1907 2410 lautiffimas
1947 2339 2221 2436 epulas,
2238 2341 2358 2416 lae..

371 2435 429 2509 ti
479 2445 990 2530 cantantesque
1073 2429 1524 2506 ducebantur
1560 2488 1580 2517 ‚
1634 2433 1709 2506 ὃς
1749 2434 1822 2506 in
1885 2434 2145 2511 mediis
2189 2462 2355 2514 cru-

368 2530 669 2605 ciatibus
725 2525 900 2604 Deo
940 2525 1187 2626 pleni,
1232 2528 1307 2602 &
1347 2525 1541 2628 quasi
1579 2543 1777 2605 extra
1817 2528 2167 2608 dolorum
2194 2533 2360 2611 sen-

294 2672 295 2675 *
365 2623 525 2701 sum
561 2622 777 2729 pofiti
804 2680 824 2710 ,
878 2620 1409 2698 saevissimorum
1467 2622 2019 2723 Tyrannorum,
2066 2630 2355 2707 carnifi-

364 2743 684 2823 cumque
711 2719 1207 2797 crudelitatem
1237 2717 1586 2796 lassarunt.
1640 2721 1800 2798 Nec
1840 2728 2128 2803 mirum.
2181 2727 2353 2807 No..

361 2832 535 2894 runt
554 2816 886 2893 enimilli
919 2839 1105 2919 quos
1146 2813 1304 2930 spes
1334 2816 1487 2893 haec
1522 2818 1792 2895 mellita
1820 2820 1982 2907 alit,
2011 2851 2144 2897 non
2196 2854 2345 2900 con-

358 2915 584 3012 dignas
641 2913 748 3013 effi·
793 2941 998 2988 omnes
1023 2969 1044 3000 ,
1103 2926 1322 2991 etlam
1362 2912 1819 2992 acerbiffimas
1865 2920 1941 2994 ὃς
1978 2922 2343 2998 immanis-

357 3009 563 3088 fimas
603 3009 776 3103 hujus
819 3014 1108 3108 tempori}
1120 3011 1421 3107 pqffi'ones
1461 3068 1481 3097 ,
1536 3014 1746 3107 gloria
1777 3016 1879 3086 illa
1916 3073 1937 3103 ,
2007 3045 2140 3111 quae
2192 3023 2346 3093 olim

354 3117 428 3182 in
437 3112 592 3208 filiis
634 3117 760 3183 Dei
780 3109 1115 3181 revelanda
1148 3111 1240 3200 est.
1343 3107 1642 3183 Norunt
1673 3113 1829 3184 mico
1855 3132 2343 3208 pratereuntem

354 3208 676 3297 levitatem
706 3209 1103 3303 affliflionum
1111 3204 1379 3295 suarum
1394 3205 1518 3294 fibi
1532 3209 1944 3298 confebiuram
1972 3212 2130 3282 καθ’
2149 3215 2334 3310 ὑπερ.

350 3301 548 3380 βὸλῆν
582 3312 667 3378 ἐκ
719 3299 1059 3389 ὀπερβολῆν
1092 3298 1320 3368 αἰώνιον
1352 3299 1554 3381 βάρασ
1581 3309 1687 3378 τῆς
1737 3305 1934 3392 δόξης,
1962 3331 2125 3407 quae
2169 3335 2332 3387 ver..

348 3400 437 3474 ba
535 3380 653 3474 hia
701 3397 1228 3500 praegnantiora
1274 3393 1440 3472 sunt
1485 3414 1508 3484 ⁴,
1585 3423 1825 3499 quam
1870 3418 1952 3478 ut
2000 3407 2327 3500 ejusdem

347 3423 691 3605 ponderis
729 3493 962 3605 latinis
986 3491 1135 3579 aliis
1179 3495 1490 3596 exprimi
1531 3495 2000 3599 poffi11t„pro
2052 3508 2338 3678 mei?

2089 3640 2096 3645 ·
2283 3628 2334 3676 e
