2590 4326
875 136 1018 243 ’ἐ
1125 93 1291 237 55(
1408 127 1550 239 θέε
2019 134 2177 238 245
2300 163 2315 182 ·

162 321 384 402 vebo
440 318 762 397 nullam·
866 321 1178 398 Interim
1237 317 1345 399 de
1395 318 1542 396 illis
1605 314 1776 420 'quae
1843 319 2183 404 coelestis

162 418 544 521 &pientia
619 414 895 495 silentii
952 418 1279 495 involvit
1370 412 1703 519 supparo
1734 466 1758 503 ,
1826 421 2174 497 miranda

162 520 442 631 potius
477 533 721 611 quam
747 512 1138 598 rimanda,
1183 514 1466 627 garrire
1504 517 1838 592 multum
1866 517 2176 631 rciigio·

170 609 1519 805 :330⁶‘31‘042350022‘122213ffi2252
1535 607 1991 804 Pssffifo'?
2013 610 2176 787 33:

177 830 347 891 cere
400 810 486 885 in
526 804 702 887 casu
751 804 1140 882 voluerint
1186 801 1468 902 scho.

823 999 922 1046 ⁴-
1053 982 1124 1068 §-
1176 979 1349 1062 XV·

213 1149 216 1160 '
268 1146 355 1223 Ο
393 1161 592 1227 vero
638 1165 803 1222 rem
842 1166 1137 1222 novam
1178 1195 1202 1232 ,
1253 1166 1420 1225 non
1463 1144 1647 1230 dico
1693 1145 2170 1239 inusitatam,

173 1267 452 1325 vetum
489 1242 829 1320 omnino
873 1240 1303 1322 inauditam
1342 1293 1365 1323 ‚
1415 1268 1473 1321 o
1532 1249 1995 1325 miraculum
2059 1253 2174 1326 in·

172 1364 370 1441 gens
429 1341 508 1418 &
571 1335 685 1416 stu
740 1336 1033 1415 endum
1075 1388 1100 1422 2
1180 1361 1349 1437 quo
1392 1361 1490 1416 an
1535 1345 1780 1433 maius
1823 1367 2175 1443 unquam

181 1444 388 1518 inter
426 1445 680 1513 motta
715 1453 793 1512 es
842 1437 1252 1530 contigerit
1301 1434 1581 1515 nescio.
1692 1439 2055 1534 Totidem
2094 1441 2179 1520 ὰ

172 1534 380 1613 alios
415 1530 561 1610 effe
598 1533 966 1613 affec-utos
993 1531 1373 1610 idiomata
1425 1533 1718 1615 inficias
1783 1562 1949 1615 non
2007 1536 2169 1614 ibo.

174 1630 459 1710 GUlL.
502 1626 1139 1708 POSTELLUM
1177 1650 1517 1725 cumque
1561 1637 1898 1729 primum
1954 1636 2169 1732 quin-

176 1730 443 1807 decim
511 1721 586 1804 se
637 1725 1072 1822 linguarum
1133 1723 1476 1830 profiteri
1554 1750 1884 1827 gnarum
1955 1731 2165 1827 lego.

179 1826 297 1904 At
323 1847 455 1921 per
489 1841 691 1923 quot
747 1824 909 1899 saxa
938 1870 964 1904 ‚
1016 1840 1217 1922 quot
1248 1822 1399 1901 tela
1428 1872 1452 1907 ‚
1507 1846 1706 1922 quot
1744 1830 1993 1929 ignes,
2036 1851 2172 1928 per

178 1941 386 2018 quot
450 1941 839 1998 annorum
894 1917 1126 1997 flexus
1169 1919 1248 1997 ὅ(
1310 1918 1554 1998 fluxus
1609 1971 1634 2010 ,
1691 1923 1890 2003 hanc
1959 1928 2171 2006 adire

179 2017 667 2097 Corinthum
708 2013 1137 2094 debuerunt
1174 2017 1203 2092 ἓ
1251 2018 1357 2096 Hi
1387 2040 1581 2097 vcro
1635 2025 1868 2098 aetatis
1897 2023 2172 2102 adultae

179 2115 728 2220 provestaeque
761 2111 1159 2198 homines,
1188 2116 1414 2195 rudes
1447 2113 1702 2193 adhuc
1747 2119 1825 2194 ὅ(
1865 2119 2172 2211 idiotae,

178 2218 328 2313 qui
371 2233 692 2290 omnem
738 2213 1147 2313 pueritiam
1206 2209 1418 2287 suam
1475 2234 1569 2290 ac
1617 2231 1921 2293 aetatcm
1965 2220 2141 2302 iuvc

178 2311 437 2390 nilcm
469 2358 493 2392 ‚
537 2313 809 2386 nonin
855 2310 1249 2387 literarum
1287 2301 1547 2388 studiis
1580 2308 1702 2389 scd
1754 2315 2172 2392 manuariis

183 2411 723 2488 contriverunt
770 2402 1103 2483 artificiis
1136 2454 1159 2490 ‚
1214 2428 1382 2485 non
1416 2410 1637 2486 unius
1686 2427 1986 2488 tantum
2047 2410 2178 2487 vel

184 2507 499 2584 alterius
545 2554 569 2586 ‚
617 2501 741 2579 sed
778 2501 1156 2582 tot-fimul
1200 2500 1635 2603 linguarum
1665 2510 1742 2585 ὅ(
1787 2530 1892 2585 co
1948 2508 2179 2599 nitio·

185 2625 294 2680 ne
356 2599 615 2678 &usu
675 2597 1004 2697 insignes
1044 2604 1122 2679 &
1167 2601 1496 2702 praeclari
1545 2601 1761 2682 fiunt.
1941 2606 2176 2682 latam

184 2701 527 2802 plurium
573 2701 809 2798 longe
835 2697 1342 2776 dialestorum
1383 2702 1462 2775 in
1503 2702 1666 2777 aliis
1701 2700 1990 2780 laudari
2029 2716 2174 2776 no·

182 2798 437 2874 titiam
481 2815 807 2894 utraque
848 2794 1119 2873 lubens
1176 2817 1417 2872 manu
1465 2796 1571 2873 do
1603 2845 1627 2880 2
1677 2797 1898 2892 quod
1942 2795 2178 2877 fufius

182 2897 266 2971 ὅτ
327 2893 828 2993 explicantius
890 2908 1115 2971 antea
1178 2887 1510 2969 adstruxi
1566 2916 1730 2971 non
1803 2912 2173 2995 pernego.

185 2994 299 3069 At
327 3010 468 3066 aut
563 2991 918 3067 toleraria
961 2990 1042 3068 ὅ(
1077 2987 1589 3092 perfunstoria
1629 2991 1752 3068 illa
1799 2992 1987 3077 fuit,
2044 3015 2179 3074 aut

186 3088 440 3168 otiosa
522 3088 913 3165 ciclorum
974 3102 1429 3166 commenta
1474 3085 1659 3164 sunt.
1761 3091 1930 3170 Hos
1980 3114 2179 3172 vero

185 3179 837 3286 eloquentiffimas
854 3185 1178 3283 integras
1203 3182 1548 3273 iucundo
1567 3187 1952 3264 variorum
1982 3189 2178 3265 idio·

188 3303 498 3363 matum
567 3279 999 3359 discrimine
1063 3279 1399 3358 habuiffe
1442 3284 1918 3368 conciones,
1970 3305 2178 3364 extra

190 3403 524 3471 omnem
563 3378 963 3467 dubitandi
992 3379 1243 3459 aleam
1289 3382 1516 3479 ponit
1553 3427 1576 3462 ‚
1626 3383 1972 3476 quinon
2003 3400 2176 3460 om·
2219 3384 2223 3389 ’

191 3499 373 3555 nem
418 3474 830 3556 Christiani
865 3476 1239 3576 sanguinis
1271 3479 1648 3568 pudorem
1687 3478 1766 3556 dt
1800 3482 2175 3559 ruborem

194 3577 411 3661 exuit·
457 3606 462 3611 ’
521 3572 814 3657 Multas
852 3575 1037 3677 saepc
1082 3574 1670 3673 Encrgumcnoz
1698 3622 1727 3665 ,
1776 3578 1914 3675 qui
1949 3572 2185 3753 psai-A

2058 3698 2184 3754 cn·
