2590 4326
371 164 538 254 43⁶
1091 63 1610 260 vedzoea

370 340 587 439 gitur,
631 354 896 432 meque
946 329 1263 415 tandem,
1295 327 1541 429 (quod
1567 329 1754 403 inter
1798 327 2072 423 majora
2106 326 2263 405 Dei
2290 333 2392 404 in

372 460 497 511 me
526 427 876 509 beneficia
923 435 1226 527 reputo)
1264 423 1502 502 socios
1540 423 1809 501 habuit.

468 583 762 676 Peracto
809 594 1063 668 itinere
1101 589 1280 666 lares
1370 589 1527 666 etiit
1542 588 1834 689 patrios,
1871 586 1999 663 ubi
2030 584 2383 665 Illustrat-

377 696 561 773 fimo
594 691 870 771 Comiti
917 687 1009 765 de
1037 685 1252 773 Filiis,
1397 685 1664 782 trajecti
1698 697 1860 760 tum
1887 680 2137 760 studiis
2182 710 2388 784 gna-

377 797 563 869 viter
581 814 663 867 ac
699 788 978 863 strenue
1001 783 1614 867 incumbentibus,
1632 782 1788 857 laeta
1828 804 1988 880 quae
2042 805 2134 856 ue
2171 806 2385 858 nun-

384 892 620 968 tiabat.
671 889 720 937 ⁹⁶
803 880 985 959 Non
1019 878 1147 987 diu
1192 877 1467 954 ibidem
1498 878 1938 965 morabatur,
2012 877 2101 953 ed
2131 901 2385 979 quum

384 985 613 1063 amori
641 979 1030 1058 Parentum
1061 969 1509 1062 iatisfeciffet,
1539 972 2021 1052 Phabiranum
2053 971 2384 1053 Patriam

386 1084 681 1160 alteram
724 1089 1148 1176 patremque
1169 1068 1475 1149 alterum
1490 1070 1955 1166 Avunculum
1983 1067 2201 1148 suum
2254 1094 2379 1148 re·-

297 1269 302 1278 ‚
391 1176 570 1256 vifit.

483 1345 714 1418 Bremae
747 1329 1079 1434 Collegia
1123 1325 1276 1412 Cel.
1315 1324 1604 1410 LAmPn
1651 1332 1917 1426 iterum
1951 1330 2383 1433 frequenta·-

395 1436 520 1517 bat
551 1440 642 1488 *³⁶
658 1490 681 1522 ,
715 1457 867 1534 quo
917 1432 1266 1528 temporis
1317 1427 1546 1527 spatio
1588 1430 1974 1507 amicitiam
2004 1430 2085 1504 in
2116 1427 2386 1530 Belgio

398 1533 692 1612 mecum
733 1526 1172 1606 contractam
1201 1576 1226 1614 ,
1286 1525 1585 1603 arctiore
1628 1549 1829 1603 nunc
1860 1525 2159 1602 vinculo
2189 1550 2379 1603 con-

397 1631 744 1730 jungebat
783 1626 857 1701 &
904 1621 1098 1725 quafi
1133 1619 1704 1721 conglutinabat.

495 1786 937 1876 Mox,Anno
962 1787 1309 1864 nimirum
1329 1776 1991 1864 MDCCXXVIII.
2026 1782 2121 1865 ad
2134 1753 2402 1886 Paroess

406 1892 591 1968 ciam
623 1882 1200 1964 Altonaviensem
1243 1884 1582 1981 proxime
1614 1874 2130 1983 Hamburgum
2165 1908 2384 1962 voca-

405 2001 522 2063 tus
551 1985 713 2072 fuit,
754 2006 976 2084 quam
1010 1978 1486 2066 Provinciam,
1507 2002 1678 2056 cum
1712 1982 1912 2077 prius
1926 2004 2055 2081 per
2080 1986 2385 2073 χειροθε-

408 2086 545 2152 σίαν
562 2080 1031 2183 apostolicam
1057 2075 1097 2152 a
1111 2072 1418 2153 meo
1439 2075 1568 2152 suo
1604 2073 2033 2179 coeterisque
2046 2074 2376 2155 Ecclefiae

406 2177 798 2261 Bremenfis
828 2176 1273 2253 Antistitibus
1304 2168 1539 2249 fuisset
1586 2173 2071 2264 consecratae,
2124 2175 2385 2252 eodem

413 2278 714 2376 suscepit
736 2297 941 2355 ‚anno
977 2328 997 2359 ,
1040 2270 1287 2370 illique
1374 2290 1449 2344 er
1477 2268 1750 2370 septem
1793 2273 2120 2373 integros
2152 2296 2380 2350 annos

418 2378 540 2475 pie
590 2387 805 2473 atque
835 2369 1115 2444 strenue
1144 2387 1290 2468 prae
1319 2367 1445 2441 uit.

514 2533 901 2613 Subsecuta
973 2527 1116 2603 fuit
1182 2529 1267 2608 A.
1325 2523 1963 2609 MDCCXXXV.
2070 2527 2384 2612 Vocatio

415 2631 510 2711 ad
553 2626 939 2708 Ecclesiam
973 2623 1284 2699 Lehanam
1323 2627 1402 2701 in
1466 2624 1766 2706 Ducatu
1805 2626 2163 2708 Bremenfi
2199 2687 2221 2718 ,
2266 2635 2382 2707 cui

414 2751 548 2830 per
576 2725 700 2802 sex
724 2726 1006 2800 circiter
1044 2742 1278 2817 ¹annor.
1328 2737 1524 2799 tanta
1550 2722 1691 2801 fide
1751 2725 2125 2825 diligentia
2171 2742 2380 2827 atque

424 2821 758 2925 epimelia
828 2815 1115 2921 praefuit
1218 2843 1309 2895 ua
1368 2823 1656 2910 ν’πηρετην
1738 2835 1961 2917 Χςιςον
2012 2825 2118 2916 ιιςιὶ
2160 2822 2382 2897 dixero..

419 2946 532 3016 μον
561 2946 860 3014 μυςηριων
928 2925 1085 2983 Θεου
1204 2916 1470 3021 ecebqt,
2201 2996 2210 3003 ξ

2213 3017 2380 3097 Nec

420 3187 469 3238 ’³
524 3185 819 3261 memori
853 3181 1066 3256 adbuc
1088 3180 1285 3256 corde
1343 3184 1564 3257 condo
1582 3208 1689 3257 me
1715 3208 1801 3258 ex
1842 3180 1951 3264 his
2006 3182 2375 3261 comitibus

524 3272 827 3357 illustriss.
850 3286 1036 3352 Natu
1066 3280 1451 3354 Maximum
1480 3274 1787 3353 audivisse
1808 3285 2224 3378 opponentis
2241 3308 2372 3375 par-

521 3400 625 3453 tes
658 3398 850 3473 agere
882 3379 958 3450 &
980 3372 1269 3474 scientiae
1303 3379 1569 3450 rarioris
1615 3400 1940 3468 τεκμήρια,
1977 3404 2064 3475 ap
2117 3380 2373 3456 lauden-

523 3475 708 3556 tibus
746 3469 1159 3546 auditoribus
1181 3472 1247 3544 in
1272 3466 1648 3546 universum
1677 3474 2036 3557 omnibus,
2149 3473 2372 3549 hibere.

426 3569 522 3626 *ἢ*
569 3570 821 3647 Ubi&
867 3566 1037 3647 mihi
1062 3564 1178 3640 sub
1219 3562 1529 3642 Praefidio
1586 3570 1914 3643 LAMPII
1946 3572 2029 3645 de
2049 3596 2376 3665 poenarum

525 3668 894 3742 aeternitate
940 3660 1302 3756 disputanti
1344 3663 1768 3744 adversarius*
1800 3688 2007 3769 atque
2040 3668 2375 3763 obponeun

531 3759 849 3865 existebat
877 3785 1024 3842 acer
1056 3763 1131 3838 δι
1161 3784 1414 3840 acutus·
2369 3763 2376 3767 ’
