2590 4326
412 131 529 218 90
1059 105 1433 215 ρει(
1542 48 1684 217 se

406 319 487 368 ne
520 318 643 392 qua
661 292 924 390 suspicio
944 295 1176 385 gratiae
1206 289 1298 383 fit
1348 295 1419 363 in
1453 289 1789 381 scribendo
1822 338 1844 372 ‚
1903 313 1985 362 ne
2024 313 2151 387 qua
2172 288 2400 381 firmal-

407 393 593 464 tate's.
678 380 1009 465 Primam
1060 387 1256 465 hanc
1304 383 1797 466 historiarum
1850 385 2102 484 legem
2158 385 2400 465 secuti

406 489 581 564 sunt
613 480 953 561 Historio
1009 482 1217 583 taphi
1254 478 1596 554 θεόπνευςοι
1626 526 1645 554 ,
1675 483 1930 560 fallere
1967 483 2041 557 ὅ(
2081 482 2238 562 falli
2264 507 2398 563 ne·

404 584 562 667 scii,
600 584 681 659 in
714 582 967 657 sacrati
1026 602 1196 671 imo
1226 583 1502 658 veteris
1542 582 1875 676 novique
1907 579 2243 656 Foederis
2277 579 2396 656 In·

392 676 886 769 strumento,
925 675 1448 754 Amanuenses
1481 677 1790 777 Spiritus
1813 673 2097 756 Sancti,
2191 679 2397 750 uive-

390 781 573 866 :itas
608 772 730 857 eli,
770 770 947 860 cujus
987 770 1257 845 verbam
1284 775 1535 853 veritas
1563 821 1584 857 ,
1622 775 1910 871 quique
1953 769 2153 873 Prop
2213 775 2397 857 etis,

399 865 901 965 Evangelistis
941 869 1019 943 δε
1050 862 1445 967 Apostosss
1485 873 1553 943 in
1598 891 1842 943 omnem
1876 869 2229 942 veritatem
2260 870 2399 941 dux

392 967 528 1039 -viae
543 963 697 1056 ficit.
754 958 903 1053 (b)
971 964 1270 1053 Omnes
1322 966 1550 1064 igitur
1593 965 1907 1063 pudoris
1942 965 2396 1064 pietatisque

400 1060 827 1139 transiliunt
854 1060 1159 1142 limites,
1197 1084 1349 1140 nee.
1370 1085 1411 1145 a
1453 1060 1628 1137 laesae
1660 1057 2065 1150 Maiestatis
2093 1063 2395 1139 Divinae

391 1156 546 1234 'sese
585 1156 1271 1258 purgare„crimitte
1319 1156 1626 1258 poffunt
1668 1211 1689 1237 ‚
1766 1159 1897 1270 qui
1948 1158 2004 1232 S
2061 1158 2396 1271 Scriptu-

267 1278 272 1305 ³
403 1277 566 1331 ram
620 1277 782 1329 non
833 1252 967 1330 sub
1028 1275 1239 1329 caecae
1266 1271 1570 1333 tantum
1612 1251 2079 1338 hominum,
2130 1255 2265 1352 qui
2306 1275 2394 1329 m

402 1350 679 1428 divinis
724 1350 1037 1444 turpiter
1074 1345 1658 1431 hallucinantur,
1683 1350 1958 1447 mentis
1992 1350 2388 1433 incudem,

401 1447 529 1523 sed
583 1447 660 1519 &
694 1443 1112 1520 Carneadis
1143 1492 1168 1526 2
1267 1447 1348 1525 ui
1406 1444 1503 1533 de
1544 1444 1765 1523 rebus
1808 1443 2172 1525 dubitaffe
2206 1446 2397 1523 dici-

389 1561 525 1618 -tut
554 1542 921 1618 omnibus
945 1588 967 1622 ‚
1005 1539 1184 1641 palu
1241 1564 1366 1623 em
1404 1562 1773 1621 revocare
1805 1563 1970 1616 non
2005 1562 2389 1627 verentur,

381 1638 557 1717 ‘Dei
607 1634 1205 1734 sanstorumque
1254 1640 1405 1716 Dei
1458 1641 1804 1716 virorum
1851 1631 2078 1714 effata
2138 1638 2394 1715 rident

400 1736 478 1810 ὅ(
517 1731 824 1808 rodunt·
948 1733 1118 1808 Hos
1167 1736 1304 1832 qui
1348 1731 1731 1811 Atheismi
1804 1732 2121 1834 aspergit
2166 1732 2395 1835 suspi-

399 1832 632 1906 cione
659 1878 680 1910 ‚
738 1829 1028 1904 nullam
1064 1827 1209 1904 illis
1240 1831 1593 1919 injuriam
1620 1828 1844 1912 facit,
1879 1837 1901 1909 i
1959 1826 2013 1905 fi
2043 1842 2393 1927 namque

399 1948 580 2002 cum
637 1919 871 2002 stultis
900 1977 920 2003 ‚
973 1926 1248 2022 pariter
1278 1921 1528 2009 stulti,
1569 1930 1638 1998 in
1669 1928 1854 1999 corde
1913 1950 1991 1998 uo
2015 1929 2237 2001 dicunt
2262 1948 2390 1997 non

398 2021 488 2107 est
524 2024 738 2094 Deus.
839 2019 1081 2121 Qud
1116 2021 1168 2098 fi
1203 2020 1433 2101 semel
1462 2020 1994 2100 &Literarum
2027 2045 2389 2123 rumpan-

396 2140 519 2197 tut
573 2118 927 2220 repagula
959 2167 981 2201 ‚
1020 2116 1328 2202 ‚limites
1400 2117 1479 2196 hi
1537 2114 1975 2207 ἀμετακίνητοι
2047 2116 2281 2199 semel
2327 2118 2389 2197 fi

395 2236 833 2301 mutentur,
903 2237 947 2289 e
1003 2210 1326 2313 vestigio
1359 2213 1736 2318 Cerberus
1784 2216 2168 2298 infernalis
2210 2214 2389 2298 suos

331 2363 335 2367 -
396 2310 743 2396 exhalare
786 2308 1040 2407 satagit
1076 2309 1586 2411 impostores,
1627 2317 1761 2407 qui
1799 2314 2021 2412 quod
2063 2315 2390 2413 proprio

388 2403 811 2494 ,adlubescit
842 2408 1160 2503 ingenio
1202 2407 1641 2484 obtrudunt
1691 2462 1714 2491 ,
1783 2431 2123 2510 pomum
2178 2406 2386 2497 ἔριδος

393 2503 788 2601 spargunt‚
840 2491 1074 2588 ἅμικΊα
1134 2495 1412 2589 μιγνύειν
1456 2507 1541 2582 in
1598 2506 1803 2583 votis
1851 2504 2135 2586 habent
2172 2533 2192 2584 ε
2232 2506 2388 2606 ¹acl·

394 2596 641 2675 versus
677 2597 1103 2696 quamlibet
1142 2601 1451 2678 interim
1498 2596 1954 2699 apostygieae
1984 2596 2269 2684 astutiae
2299 2604 2388 2686 ὅ(

393 2694 699 2804 argutiae
737 2694 1157 2866 Rrocellam
1186 2749 1209 2777 ‚
1268 2695 1646 2798 intrepida
1697 2698 1908 2785 verbi
1942 2699 2212 2779 Divini
2253 2721 2384 2786 ve,-
2422 2711 2431 2718 ’

392 2811 567 2870 titas
607 2813 740 2890 per
805 2808 904 2870 at.

1264 2907 1337 3021 S.
1378 2938 1467 3019 11.

544 3073 843 3154 Verum
886 3079 1425 3160 enimveroab
1476 3076 1920 3156 ἀνυπευθύνοις
1966 3079 2169 3162 hisce
2214 3086 2384 3180 Cu-

388 3167 514 3280 ria:
550 3171 845 3285 Diyinae
874 3172 1261 3255 Historieis
1313 3176 1369 3254 si
1437 3176 1828 3265 discesseris
1858 3230 1883 3266 2
1934 3184 2074 3280 qui
2112 3181 2383 3281 primae‘

388 3261 905 3379 Hnstonar-um
958 3274 1159 3370 legi,
1231 3297 1469 3373 quam
1523 3279 1924 3359 veritatem
1990 3278 2378 3368 diximus,

371 3361 555 3470 satis
594 3388 681 3453 ex
713 3369 939 3443 omni
970 3389 1183 3464 parte⁴
1210 3370 1570 3456 fecerint,
1602 3376 1681 3451 in
1725 3373 2076 3457 universo
2115 3374 2379 3455 Histo-

386 3478 740 3548 neotum
777 3463 1029 3542 choro
1082 3463 1139 3552 fi
1185 3464 1390 3544 ullos
1412 3518 1440 3548 .
1503 3469 1805 3572 oppido
1853 3469 2028 3558 fane
2078 3495 2381 3575 paucos

2146 3592 2228 3647 re
2236 3591 2366 3664 peq

317 3839 324 3852 ,
460 3697 625 3808 (b)
661 3696 1060 3833 1⁶15..ka
1094 3747 1203 3816 13.
