2590 4326
533 281 536 288 ,
603 323 604 326 ¹
896 165 1036 278 9&
1112 173 1272 275 )²(
1327 166 1494 277 Q
1974 191 2121 280 371

199 376 203 380 ⁴
247 357 260 366 ⁷
320 351 577 427 dulcior·
603 347 934 447 i12fh·1vi'ta'
961 354 1037 443 est
1076 404 1097 435 ,
1150 349 1640 448 expugnandi.
1742 347 1875 431 Hae
1902 357 2139 431 ratio-

150 471 281 526 nes
338 469 432 523 eo
499 446 759 524 fortius
800 444 999 520 hunc
1076 445 1406 522 nostrum
1436 448 1774 543 sapientem
1840 450 1927 525 ad
1964 450 2138 528 haec

150 546 443 648 pietatis
489 540 726 621 officia
808 540 1300 640 adstringunt,
1396 548 1562 643 quia
1595 543 1749 621 haec
1786 545 2137 644 persuaslo

148 643 389 723 menti
428 644 577 739 ejus
619 636 1215 716 firmiterinfidet
1248 692 1270 726 ,
1325 637 1669 739 scriptum
1709 644 1842 718 'am
1875 637 2010 719 effe
2061 648 2140 719 in

153 736 464 815 consilio
492 736 897 815 sanctorum
939 735 1247 834 vigilum
1292 791 1314 821 ,
1358 735 1555 813 hunc
1599 741 1674 839 ip
1708 764 1833 815 um
1860 740 1986 815 fati
2034 738 2144 816 sui

153 836 357 912 diem
378 889 398 923 ,
445 856 687 934 neque
732 833 937 909 illum
988 832 1203 908 licere
1234 831 1384 911 ulla
1445 837 1722 912 ratione
1811 837 2081 913 roferre
2116 886 2136 926 ,

153 938 315 1009 imo
350 937 356 943 ’
391 930 544 1009 fieri
604 926 805 1033 poffe
828 987 847 1018 ,
875 944 975 1005 *ut
1004 928 1295 1006 forfitan
1344 928 1465 1007 hic
1535 932 1680 1031 ipse
1795 936 1888 1019 'es
1913 991 1934 1021 ,
2043 933 2142 1010 uo

154 1030 319 1107 haec
374 1030 621 1108 omnia
658 1043 903 1103 mente
935 1024 1054 1126 sua
1104 1025 1374 1114 versat,
1430 1026 1581 1105 haec
1605 1030 1750 1129 ipsa
1792 1031 1971 1107 hora
2043 1034 2145 1106 1bi

155 1127 513 1203 diluxerit
549 1125 896 1225 suprema.
1002 1122 1236 1215 Quod
1274 1122 1477 1200 firma
1510 1127 1796 1227 insuper
1825 1126 1964 1204 fide
1993 1144 2146 1205 cre·-

159 1224 273 1301 dit
308 1279 332 1314 ,
376 1226 460 1301 &⁵
478 1226 556 1298 in
590 1224 834 1298 animo
873 1218 1003 1297 suo
1051 1218 1596 1298 convictiffimus
1628 1228 1837 1301 novit
1868 1282 1888 1311 ,
1959 1226 2147 1302 hanc

159 1314 257 1398 de
301 1339 447 1422 qua
508 1320 723 1395 verba
757 1318 1057 1415 facimus
1096 1315 1643 1417 resipiscentiam
1675 1321 1725 1395 fi
1779 1347 1944 1398 vera
2008 1320 2145 1398 effe

154 1419 472 1505 debeat,
524 1413 847 1516 Deoque
883 1416 1145 1513 digna,
1188 1437 1345 1489 non
1400 1413 1536 1491 effe
1580 1417 1827 1505 bidui,
1866 1432 1990 1495 aut
2022 1422 2148 1494 tri-

163 1516 297 1593 dui
321 1553 364 1603 ,·
388 1529 512 1590 aut
577 1532 982 1613 paucorum
1048 1511 1508 1611 quorundam
1553 1531 2143 1602 momentorum,

163 1609 748 1695 solicitudinem,
801 1606 921 1683 sed
1013 1631 1201 1706 opus
1225 1701 1226 1706 Ν
1251 1605 1388 1683 effe
1445 1615 1696 1709 magni
1749 1614 1824 1687 &
1866 1610 2149 1691 Hercu.

165 1710 268 1788 lei
293 1710 444 1785 fere
479 1706 789 1805 laboris,
894 1707 1218 1802 ertinacis
1250 1727 1526 1804 operae,
1568 1712 1861 1785 intentae
1913 1734 1996 1787 ac
2042 1708 2150 1785 di-

164 1807 464 1907 ligentis
503 1828 689 1880 curae
714 1854 734 1890 ,
776 1728 1098 1901 afquod
1132 1825 1287 1877 non
1327 1801 1671 1890 sufficiat,
1730 1821 1810 1882 ut
1852 1808 2150 1907 quidem

167 1904 512 1989 homines
555 1898 685 1978 fibi
718 1896 947 1999 vulgo
1009 1896 1434 1998 persuadent
1455 1958 1474 1988 ,
1528 1905 1853 1979 emittere
1896 1904 2152 1980 mulie-

167 2003 332 2096 bria
403 1997 732 2100 quaedam
779 2012 951 2072 vota
1006 2010 1217 2095 atque
1264 1993 1631 2096 supplicia,
1669 2002 1853 2080 ciere
1879 1998 2152 2076 flebiles

174 2099 495 2214 gemitus
519 2152 539 2182 ,
574 2108 789 2195 atque
837 2090 1236 2172 consultare
1280 2114 1450 2173 cum
1485 2096 1628 2191 jam
1646 2096 1776 2171 stes
1817 2098 1907 2174 ad
1936 2119 2149 2184 aram,

174 2196 254 2272 id
290 2194 416 2280 est,
434 2217 603 2269 cum
650 2215 847 2268 mors
887 2191 1020 2266 tibi
1053 2187 1288 2267 sedeat
1321 2192 1398 2265 in
1450 2189 1660 2267 labris
1680 2249 1699 2279 ,
1746 2208 1918 2269 vota
1967 2215 2157 2268 nun-

173 2312 448 2393 cupare
486 2287 683 2374 Deo,
746 2302 961 2387 atque
998 2288 1095 2361 ita
1135 2310 1306 2362 cum
1353 2286 1654 2386 vulgato
1702 2288 1830 2366 illo
1867 2289 2158 2364 ἱλάσθητί

176 2420 286 2482 μοι
324 2391 684 2482 ἁμαρτωλῷ
723 2387 874 2457 Θεός
899 2430 918 2460 ,
973 2384 1050 2457 in
1091 2381 1367 2460 coelum
1396 2382 1749 2472 subsilire,
1782 2401 2010 2488 atque
2066 2385 2160 2464 ad

175 2483 439 2572 Deum
487 2481 872 2569 excedere,
922 2478 1042 2556 sed
1120 2480 1210 2555 ad
1265 2481 1470 2580 quod
1523 2486 1924 2583 requiratur
1969 2479 2159 2560 mul-
2252 2533 2268 2541 f

129 2612 135 2617 ·
171 2598 346 2660 tum
379 2580 716 2681 pulveris-
740 2592 955 2679 atque
1011 2575 1286 2655 sudoris
1310 2633 1333 2664 ,
1371 2577 1890 2657 decertationes
1930 2579 2020 2657 ad
2047 2585 2161 2681 ip-
2232 2654 2235 2665 ,

171 2679 345 2756 sum
392 2677 812 2777 sanguinem
852 2731 873 2763 ,
945 2675 1214 2766 ὁπομσνιὶ
1262 2681 1416 2768 few
1466 2677 1750 2772 ἀγαθέ,
1818 2693 1904 2756 ut
1929 2702 2164 2756 mem-

179 2778 317 2853 bra
350 2774 700 2852 terrestria
751 2771 1063 2848 trucides
1092 2827 1111 2858 ,
1173 2785 1493 2847 veterem
1554 2771 1935 2852 hominem
1991 2795 2164 2853 cum

180 2874 327 2949 suis
352 2869 784 2972 paffionibus
828 2871 903 2944 ἃ
930 2865 1423 2943 affectionibus
1457 2871 1653 2945 cruci
1679 2866 1832 2946 suffi
1927 2897 1958 2947 s
1980 2929 2001 2959 ,
2034 2897 2162 2948 na-

184 2974 370 3047 tivas
403 2963 920 3068 propeirfiones
967 2963 1260 3040 edomes
1288 3019 1312 3050 ,
1360 2962 1784 3062 cupiditates
1871 2964 2158 3055 ebelleS,

191 3062 753 3144 consuetudines
782 3063 856 3138 &
885 3059 1168 3136 habitus
1261 3083 1468 3135 ravos
1495 3117 1516 3149 ,
1558 3064 1581 3135 i
1634 3061 1700 3138 sa
1743 3079 1992 3142 natura
2026 3088 2165 3163 po-

156 3164 581 3246 tentiores,
642 3159 962 3258 deponas
1000 3157 1074 3232 δε
1101 3180 1177 3232 ra
1235 3159 1439 3233 ‘citus
1473 3179 1566 3234 ex
1626 3161 1812 3260 irpes
1859 3213 1880 3249 ,
1949 3176 2166 3258 atque

189 3263 293 3335 ita
327 3257 610 3334 servum
651 3257 845 3331 vitiis
907 3252 1151 3353 pectus
1216 3252 1499 3352 subigas
1523 3310 1544 3342 ,
1588 3254 1662 3330 &
1715 3257 1919 3334 saevas
1950 3313 1970 3343 ,
2005 3276 2168 3356 quae

191 3359 276 3430 in
298 3353 430 3435 illo
449 3353 673 3454 pleno
712 3349 1053 3427 incendio
1083 3350 1389 3437 fumant,
1411 3348 1728 3428 flammas
1748 3356 2126 3451 extinguas
2141 3408 2163 3437 ,

199 3453 597 3550 omniaque
630 3467 791 3563 quae
832 3470 960 3523 cor
996 3460 1208 3522 tuum
1221 3446 1492 3524 laniant
1531 3447 1972 3525 dominantia
1997 3473 2170 3548 pec-

205 3562 359 3624 cata
383 3602 403 3633 ,
449 3569 609 3645 quae
666 3570 743 3620 m
782 3543 928 3621 hoc
952 3556 1236 3618 tantum
1265 3544 1632 3619 latronum
1659 3569 1863 3620 more
1902 3560 1974 3620 te
2014 3552 2164 3622 am?-

197 3642 616 3747 plestuntur
656 3697 680 3730 ,
730 3653 815 3718 ut
885 3637 1361 3741 strangulent,
1439 3637 1755 3721 adhibita
1800 3643 2008 3720 omni
2080 3643 2171 3717 ἃ

550 3777 554 3781 -
644 3787 647 3789 Α
2026 3760 2171 3838 ope
