<?xml version="1.0" encoding="UTF-8"?>
<!DOCTYPE html PUBLIC "-//W3C//DTD XHTML 1.0 Transitional//EN"
    "http://www.w3.org/TR/xhtml1/DTD/xhtml1-transitional.dtd">
<html xmlns="http://www.w3.org/1999/xhtml" xml:lang="en" lang="en">
 <head>
  <title>
</title>
<meta http-equiv="Content-Type" content="text/html;charset=utf-8" />
  <meta name='ocr-system' content='tesseract 3.04.00' />
  <meta name='ocr-capabilities' content='ocr_page ocr_carea ocr_par ocr_line ocrx_word'/>
</head>
<body>
  <div class='ocr_page' id='page_1' title='image "./saturadissertat00unkngoog_0586.png"; bbox 0 0 2590 4326; ppageno 0'>
   <div class='ocr_carea' id='block_1_1' title="bbox 413 141 1755 264">
    <p class='ocr_par' dir='ltr' id='par_1_1' title="bbox 413 141 1755 264">
     <span class='ocr_line' id='line_1_1' title="bbox 413 141 1755 264; baseline -0.007 -5"><span class='ocrx_word' id='word_1_1' title='bbox 413 162 571 264; x_wconf 68' lang='lat'>576</span> <span class='ocrx_word' id='word_1_2' title='bbox 1122 156 1264 261; x_wconf 63' lang='grc' dir='ltr'>νε</span> <span class='ocrx_word' id='word_1_3' title='bbox 1372 141 1535 254; x_wconf 70' lang='grc' dir='ltr'>)ε(’</span> <span class='ocrx_word' id='word_1_4' title='bbox 1616 152 1755 256; x_wconf 56' lang='grc' dir='ltr'>ἐκ</span> 
     </span>
    </p>
   </div>
   <div class='ocr_carea' id='block_1_2' title="bbox 401 327 2497 3527">
    <p class='ocr_par' dir='ltr' id='par_1_2' title="bbox 405 327 2400 725">
     <span class='ocr_line' id='line_1_2' title="bbox 405 327 2400 436; baseline -0.005 -25"><span class='ocrx_word' id='word_1_5' title='bbox 405 334 771 436; x_wconf 84' lang='lat' dir='ltr'>Dynastiae</span> <span class='ocrx_word' id='word_1_6' title='bbox 817 347 966 411; x_wconf 90' lang='lat' dir='ltr'>erat</span> <span class='ocrx_word' id='word_1_7' title='bbox 1004 331 1358 410; x_wconf 84' lang='lat' dir='ltr'><strong>Patronus</strong></span> <span class='ocrx_word' id='word_1_8' title='bbox 1385 389 1407 419; x_wconf 89' lang='lat'>,</span> <span class='ocrx_word' id='word_1_9' title='bbox 1450 333 1620 407; x_wconf 91' lang='lat' dir='ltr'>bina</span> <span class='ocrx_word' id='word_1_10' title='bbox 1680 327 1904 407; x_wconf 88' lang='lat' dir='ltr'>officii</span> <span class='ocrx_word' id='word_1_11' title='bbox 1974 329 2084 406; x_wconf 90' lang='lat' dir='ltr'>sui</span> <span class='ocrx_word' id='word_1_12' title='bbox 2145 330 2287 408; x_wconf 90' lang='lat' dir='ltr'>Ma</span> <span class='ocrx_word' id='word_1_13' title='bbox 2345 335 2400 413; x_wconf 52' lang='lat' dir='ltr'>ia</span> 
     </span>
     <span class='ocr_line' id='line_1_3' title="bbox 407 427 2400 530; baseline -0.005 -18"><span class='ocrx_word' id='word_1_14' title='bbox 407 431 628 512; x_wconf 88' lang='lat' dir='ltr'>stralis</span> <span class='ocrx_word' id='word_1_15' title='bbox 666 455 838 530; x_wconf 86' lang='lat' dir='ltr'>egre</span> <span class='ocrx_word' id='word_1_16' title='bbox 898 433 959 506; x_wconf 84' lang='lat' dir='ltr'>‘a</span> <span class='ocrx_word' id='word_1_17' title='bbox 1000 430 1201 507; x_wconf 87' lang='lat' dir='ltr'><strong>dedit</strong></span> <span class='ocrx_word' id='word_1_18' title='bbox 1243 427 1601 528; x_wconf 84' lang='lat' dir='ltr'>exempla,</span> <span class='ocrx_word' id='word_1_19' title='bbox 1626 427 2012 523; x_wconf 67' lang='lat' dir='ltr'>&amp;justitiae</span> <span class='ocrx_word' id='word_1_20' title='bbox 2041 451 2224 525; x_wconf 86' lang='lat' dir='ltr'>erga</span> <span class='ocrx_word' id='word_1_21' title='bbox 2319 448 2400 503; x_wconf 55' lang='lat'>04</span> 
     </span>
     <span class='ocr_line' id='line_1_4' title="bbox 407 456 2393 630; baseline -0.001 -24"><span class='ocrx_word' id='word_1_22' title='bbox 407 528 774 614; x_wconf 87' lang='lat' dir='ltr'>micidam,</span> <span class='ocrx_word' id='word_1_23' title='bbox 828 456 917 603; x_wconf 58' lang='grc' dir='ltr'><em>ἓ</em></span> <span class='ocrx_word' id='word_1_24' title='bbox 954 528 1419 626; x_wconf 81' lang='lat' dir='ltr'><strong>benignitatis</strong></span> <span class='ocrx_word' id='word_1_25' title='bbox 1451 546 1622 630; x_wconf 84' lang='lat' dir='ltr'>erga</span> <span class='ocrx_word' id='word_1_26' title='bbox 1655 523 2076 624; x_wconf 74' lang='lat' dir='ltr'>conjugem</span> <span class='ocrx_word' id='word_1_27' title='bbox 2093 522 2393 617; x_wconf 74' lang='lat' dir='ltr'>viduam</span> 
     </span>
     <span class='ocr_line' id='line_1_5' title="bbox 417 623 2107 725; baseline 0.002 -23"><span class='ocrx_word' id='word_1_28' title='bbox 417 626 717 725; x_wconf 87' lang='lat' dir='ltr'>ejusque</span> <span class='ocrx_word' id='word_1_29' title='bbox 778 623 1168 724; x_wconf 80' lang='lat' dir='ltr'>orphanos..</span> <span class='ocrx_word' id='word_1_30' title='bbox 1559 629 1563 631; x_wconf 75' lang='grc'><strong>’</strong></span> <span class='ocrx_word' id='word_1_31' title='bbox 2104 664 2107 667; x_wconf 94' lang='grc'><em>·</em></span> 
     </span>
    </p>

    <p class='ocr_par' dir='ltr' id='par_1_3' title="bbox 405 719 2416 1305">
     <span class='ocr_line' id='line_1_6' title="bbox 499 719 2391 819; baseline 0 -21"><span class='ocrx_word' id='word_1_32' title='bbox 499 720 698 798; x_wconf 88' lang='lat' dir='ltr'>Nam</span> <span class='ocrx_word' id='word_1_33' title='bbox 711 720 1170 819; x_wconf 86' lang='lat' dir='ltr'>Magistratus</span> <span class='ocrx_word' id='word_1_34' title='bbox 1247 721 1426 797; x_wconf 90' lang='lat' dir='ltr'>robe</span> <span class='ocrx_word' id='word_1_35' title='bbox 1447 719 1802 805; x_wconf 80' lang='lat' dir='ltr'>sciens,im</span> <span class='ocrx_word' id='word_1_36' title='bbox 1856 719 2221 799; x_wconf 88' lang='lat' dir='ltr'>unitatem</span> <span class='ocrx_word' id='word_1_37' title='bbox 2246 744 2391 798; x_wconf 75' lang='lat' dir='ltr'>ma-</span> 
     </span>
     <span class='ocr_line' id='line_1_7' title="bbox 410 744 2384 921; baseline -0.001 -26"><span class='ocrx_word' id='word_1_38' title='bbox 410 820 690 895; x_wconf 85' lang='lat' dir='ltr'>ximam</span> <span class='ocrx_word' id='word_1_39' title='bbox 724 815 859 894; x_wconf 86' lang='lat' dir='ltr'>effe</span> <span class='ocrx_word' id='word_1_40' title='bbox 883 744 1241 921; x_wconf 41' lang='lat' dir='ltr'>peccand?</span> <span class='ocrx_word' id='word_1_41' title='bbox 1250 817 1665 903; x_wconf 81' lang='lat' dir='ltr'>illecebram</span> <span class='ocrx_word' id='word_1_42' title='bbox 1696 816 1802 898; x_wconf 67' lang='grc' dir='ltr'>δε,</span> <span class='ocrx_word' id='word_1_43' title='bbox 1837 908 1841 912; x_wconf 36' lang='grc'><strong>,</strong></span> <span class='ocrx_word' id='word_1_44' title='bbox 1876 816 2242 914; x_wconf 84' lang='lat' dir='ltr'>gitiorum</span> <span class='ocrx_word' id='word_1_45' title='bbox 2259 843 2384 903; x_wconf 60' lang='lat' dir='ltr'>nu,-</span> 
     </span>
     <span class='ocr_line' id='line_1_8' title="bbox 405 911 2383 1019; baseline -0.001 -29"><span class='ocrx_word' id='word_1_46' title='bbox 405 917 686 1002; x_wconf 88' lang='lat' dir='ltr'>tricem‚</span> <span class='ocrx_word' id='word_1_47' title='bbox 728 928 1013 991; x_wconf 88' lang='lat' dir='ltr'>tantum</span> <span class='ocrx_word' id='word_1_48' title='bbox 1054 914 1201 992; x_wconf 83' lang='lat' dir='ltr'>hoc</span> <span class='ocrx_word' id='word_1_49' title='bbox 1227 914 1501 990; x_wconf 87' lang='lat' dir='ltr'>facinus</span> <span class='ocrx_word' id='word_1_50' title='bbox 1581 936 2043 1019; x_wconf 78' lang='lat' dir='ltr'><strong>nequaquam</strong></span> <span class='ocrx_word' id='word_1_51' title='bbox 2075 911 2217 989; x_wconf 89' lang='lat' dir='ltr'>fibi</span> <span class='ocrx_word' id='word_1_52' title='bbox 2254 938 2383 1013; x_wconf 89' lang='lat' dir='ltr'>pro</span> 
     </span>
     <span class='ocr_line' id='line_1_9' title="bbox 406 1002 2416 1108; baseline -0.002 -21"><span class='ocrx_word' id='word_1_53' title='bbox 406 1011 672 1108; x_wconf 83' lang='lat' dir='ltr'>justitia</span> <span class='ocrx_word' id='word_1_54' title='bbox 756 1010 877 1087; x_wconf 88' lang='lat' dir='ltr'>sua</span> <span class='ocrx_word' id='word_1_55' title='bbox 918 1011 1236 1095; x_wconf 86' lang='lat' dir='ltr'>inultum</span> <span class='ocrx_word' id='word_1_56' title='bbox 1275 1007 1794 1093; x_wconf 89' lang='lat' dir='ltr'>dimittendum</span> <span class='ocrx_word' id='word_1_57' title='bbox 1842 1002 1979 1084; x_wconf 84' lang='lat' dir='ltr'>effe</span> <span class='ocrx_word' id='word_1_58' title='bbox 2020 1009 2416 1105; x_wconf 75' lang='lat' dir='ltr'>judicavit..</span> 
     </span>
     <span class='ocr_line' id='line_1_10' title="bbox 415 1102 2384 1207; baseline 0 -24"><span class='ocrx_word' id='word_1_59' title='bbox 415 1106 922 1201; x_wconf 80' lang='lat' dir='ltr'>Quamobrem</span> <span class='ocrx_word' id='word_1_60' title='bbox 1002 1108 1242 1191; x_wconf 84' lang='lat' dir='ltr'>audita</span> <span class='ocrx_word' id='word_1_61' title='bbox 1318 1111 1638 1207; x_wconf 83' lang='lat' dir='ltr'>primum</span> <span class='ocrx_word' id='word_1_62' title='bbox 1698 1102 2094 1204; x_wconf 85' lang='lat' dir='ltr'>graviffima</span> <span class='ocrx_word' id='word_1_63' title='bbox 2175 1106 2384 1207; x_wconf 84' lang='lat' dir='ltr'>ipfius</span> 
     </span>
     <span class='ocr_line' id='line_1_11' title="bbox 420 1198 2387 1305; baseline 0.001 -23"><span class='ocrx_word' id='word_1_64' title='bbox 420 1202 781 1303; x_wconf 80' lang='lat' dir='ltr'>Conjugis</span> <span class='ocrx_word' id='word_1_65' title='bbox 814 1262 836 1293; x_wconf 86' lang='lat'>‚</span> <span class='ocrx_word' id='word_1_66' title='bbox 896 1204 1464 1305; x_wconf 87' lang='lat' dir='ltr'>Orphanorum,</span> <span class='ocrx_word' id='word_1_67' title='bbox 1506 1201 1871 1288; x_wconf 79' lang='lat' dir='ltr'><strong>Fratrum,</strong></span> <span class='ocrx_word' id='word_1_68' title='bbox 1924 1198 2287 1279; x_wconf 87' lang='lat' dir='ltr'>Sororum</span> <span class='ocrx_word' id='word_1_69' title='bbox 2320 1205 2387 1285; x_wconf 62' lang='grc' dir='ltr'>ὃς</span> 
     </span>
    </p>

    <p class='ocr_par' dir='ltr' id='par_1_4' title="bbox 401 1297 2497 2955">
     <span class='ocr_line' id='line_1_12' title="bbox 464 1297 2497 1405; baseline 0.001 -29"><span class='ocrx_word' id='word_1_70' title='bbox 464 1304 1009 1405; x_wconf 91' lang='lat' dir='ltr'>ropinquorum</span> <span class='ocrx_word' id='word_1_71' title='bbox 1041 1300 1565 1402; x_wconf 88' lang='lat' dir='ltr'>generosorum</span> <span class='ocrx_word' id='word_1_72' title='bbox 1629 1297 1732 1378; x_wconf 87' lang='lat' dir='ltr'>de</span> <span class='ocrx_word' id='word_1_73' title='bbox 1797 1299 2071 1387; x_wconf 90' lang='lat' dir='ltr'>Mariti,</span> <span class='ocrx_word' id='word_1_74' title='bbox 2114 1298 2343 1378; x_wconf 88' lang='lat' dir='ltr'>Patris</span> <span class='ocrx_word' id='word_1_75' title='bbox 2361 1357 2382 1387; x_wconf 64' lang='lat'>2</span> <span class='ocrx_word' id='word_1_76' title='bbox 2496 1304 2497 1317; x_wconf 69' lang='lat'><em>&#39;</em></span> 
     </span>
     <span class='ocr_line' id='line_1_13' title="bbox 451 1393 2382 1510; baseline -0.003 -34"><span class='ocrx_word' id='word_1_77' title='bbox 451 1400 670 1476; x_wconf 80' lang='lat' dir='ltr'>ratris</span> <span class='ocrx_word' id='word_1_78' title='bbox 720 1400 795 1475; x_wconf 83' lang='lat'>&amp;</span> <span class='ocrx_word' id='word_1_79' title='bbox 832 1424 970 1500; x_wconf 89' lang='lat' dir='ltr'>pro</span> <span class='ocrx_word' id='word_1_80' title='bbox 1026 1401 1233 1510; x_wconf 83' lang='lat' dir='ltr'>inqui</span> <span class='ocrx_word' id='word_1_81' title='bbox 1267 1393 1761 1480; x_wconf 82' lang='lat' dir='ltr'>immaniffima</span> <span class='ocrx_word' id='word_1_82' title='bbox 1807 1393 2001 1477; x_wconf 79' lang='lat' dir='ltr'>caede</span> <span class='ocrx_word' id='word_1_83' title='bbox 2067 1397 2382 1496; x_wconf 69' lang='lat' dir='ltr'>querela,</span> 
     </span>
     <span class='ocr_line' id='line_1_14' title="bbox 408 1493 2391 1593; baseline -0.005 -20"><span class='ocrx_word' id='word_1_84' title='bbox 408 1494 637 1579; x_wconf 85' lang='lat' dir='ltr'>auditi</span> <span class='ocrx_word' id='word_1_85' title='bbox 676 1493 938 1581; x_wconf 88' lang='lat' dir='ltr'>deinde</span> <span class='ocrx_word' id='word_1_86' title='bbox 996 1509 1258 1579; x_wconf 87' lang='lat' dir='ltr'>uerunt</span> <span class='ocrx_word' id='word_1_87' title='bbox 1306 1494 1576 1575; x_wconf 82' lang='lat' dir='ltr'>oculati</span> <span class='ocrx_word' id='word_1_88' title='bbox 1622 1505 1838 1593; x_wconf 92' lang='lat' dir='ltr'>atque</span> <span class='ocrx_word' id='word_1_89' title='bbox 1872 1494 2086 1588; x_wconf 88' lang='lat' dir='ltr'>jurati</span> <span class='ocrx_word' id='word_1_90' title='bbox 2113 1493 2391 1577; x_wconf 52' lang='lat' dir='ltr'>facino«</span> 
     </span>
     <span class='ocr_line' id='line_1_15' title="bbox 413 1587 2385 1694; baseline 0.002 -27"><span class='ocrx_word' id='word_1_91' title='bbox 413 1593 509 1667; x_wconf 88' lang='lat' dir='ltr'>ris</span> <span class='ocrx_word' id='word_1_92' title='bbox 536 1593 729 1691; x_wconf 73' lang='lat' dir='ltr'>istius</span> <span class='ocrx_word' id='word_1_93' title='bbox 778 1593 988 1673; x_wconf 85' lang='lat' dir='ltr'>testes</span> <span class='ocrx_word' id='word_1_94' title='bbox 1005 1650 1027 1680; x_wconf 89' lang='lat'>,</span> <span class='ocrx_word' id='word_1_95' title='bbox 1081 1615 1400 1694; x_wconf 91' lang='lat' dir='ltr'>quorum</span> <span class='ocrx_word' id='word_1_96' title='bbox 1449 1590 1630 1666; x_wconf 70' lang='lat' dir='ltr'>dista</span> <span class='ocrx_word' id='word_1_97' title='bbox 1663 1589 1916 1671; x_wconf 86' lang='lat' dir='ltr'>litteris</span> <span class='ocrx_word' id='word_1_98' title='bbox 1946 1587 2252 1677; x_wconf 84' lang='lat' dir='ltr'>Batonis</span> <span class='ocrx_word' id='word_1_99' title='bbox 2302 1590 2385 1670; x_wconf 87' lang='lat' dir='ltr'>ad</span> 
     </span>
     <span class='ocr_line' id='line_1_16' title="bbox 406 1684 2384 1790; baseline 0.001 -25"><span class='ocrx_word' id='word_1_100' title='bbox 406 1685 924 1790; x_wconf 84' lang='lat' dir='ltr'>Magistratum</span> <span class='ocrx_word' id='word_1_101' title='bbox 980 1704 1146 1765; x_wconf 85' lang='lat' dir='ltr'>ante</span> <span class='ocrx_word' id='word_1_102' title='bbox 1169 1691 1472 1769; x_wconf 67' lang='lat' dir='ltr'>⁴beatam</span> <span class='ocrx_word' id='word_1_103' title='bbox 1510 1684 1850 1786; x_wconf 82' lang='lat' dir='ltr'>Analysm</span> <span class='ocrx_word' id='word_1_104' title='bbox 1895 1685 2174 1787; x_wconf 73' lang='lat' dir='ltr'>scriptis</span> <span class='ocrx_word' id='word_1_105' title='bbox 2231 1711 2384 1767; x_wconf 79' lang='lat' dir='ltr'>om-</span> 
     </span>
     <span class='ocr_line' id='line_1_17' title="bbox 409 1781 2381 1882; baseline -0.003 -18"><span class='ocrx_word' id='word_1_106' title='bbox 409 1785 593 1864; x_wconf 80' lang='lat' dir='ltr'>nino</span> <span class='ocrx_word' id='word_1_107' title='bbox 640 1784 1229 1865; x_wconf 78' lang='lat' dir='ltr'>consentiebant.&#39;</span> <span class='ocrx_word' id='word_1_108' title='bbox 1316 1781 1652 1862; x_wconf 84' lang='lat' dir='ltr'>Tandem</span> <span class='ocrx_word' id='word_1_109' title='bbox 1732 1783 1816 1859; x_wconf 21' lang='lat' dir='ltr'>&amp;i</span> <span class='ocrx_word' id='word_1_110' title='bbox 1871 1782 2018 1882; x_wconf 87' lang='lat' dir='ltr'>ipse</span> <span class='ocrx_word' id='word_1_111' title='bbox 2044 1786 2381 1866; x_wconf 73' lang='lat' dir='ltr'>&#39;criminis</span> 
     </span>
     <span class='ocr_line' id='line_1_18' title="bbox 405 1878 2383 1983; baseline 0.001 -29"><span class='ocrx_word' id='word_1_112' title='bbox 405 1902 571 1957; x_wconf 86' lang='lat' dir='ltr'>reus</span> <span class='ocrx_word' id='word_1_113' title='bbox 603 1893 714 1965; x_wconf 85' lang='lat' dir='ltr'>ter</span> <span class='ocrx_word' id='word_1_114' title='bbox 753 1880 1076 1983; x_wconf 83' lang='lat' dir='ltr'>legitime</span> <span class='ocrx_word' id='word_1_115' title='bbox 1149 1895 1366 1982; x_wconf 86' lang='lat' dir='ltr'>atque</span> <span class='ocrx_word' id='word_1_116' title='bbox 1410 1881 1848 1980; x_wconf 85' lang='lat' dir='ltr'>peremtorie</span> <span class='ocrx_word' id='word_1_117' title='bbox 1884 1878 1973 1955; x_wconf 92' lang='lat' dir='ltr'>ad</span> <span class='ocrx_word' id='word_1_118' title='bbox 2037 1879 2383 1956; x_wconf 84' lang='lat' dir='ltr'>Tribunal</span> 
     </span>
     <span class='ocr_line' id='line_1_19' title="bbox 409 1974 2377 2080; baseline 0 -27"><span class='ocrx_word' id='word_1_119' title='bbox 409 1974 861 2076; x_wconf 86' lang='lat' dir='ltr'>Tigurinum</span> <span class='ocrx_word' id='word_1_120' title='bbox 901 1982 1156 2057; x_wconf 87' lang='lat' dir='ltr'>citatus</span> <span class='ocrx_word' id='word_1_121' title='bbox 1173 1994 1389 2080; x_wconf 86' lang='lat' dir='ltr'>atque</span> <span class='ocrx_word' id='word_1_122' title='bbox 1416 1981 1493 2056; x_wconf 91' lang='lat' dir='ltr'>in</span> <span class='ocrx_word' id='word_1_123' title='bbox 1517 1976 1870 2079; x_wconf 85' lang='lat' dir='ltr'>judicium</span> <span class='ocrx_word' id='word_1_124' title='bbox 1901 1991 2207 2077; x_wconf 85' lang='lat' dir='ltr'>vocatus</span> <span class='ocrx_word' id='word_1_125' title='bbox 2231 1977 2377 2067; x_wconf 76' lang='lat' dir='ltr'>fuit,</span> 
     </span>
     <span class='ocr_line' id='line_1_20' title="bbox 414 2074 2378 2182; baseline -0.001 -33"><span class='ocrx_word' id='word_1_126' title='bbox 414 2098 660 2175; x_wconf 89' lang='lat' dir='ltr'>neque</span> <span class='ocrx_word' id='word_1_127' title='bbox 712 2088 957 2152; x_wconf 90' lang='lat' dir='ltr'>tamen</span> <span class='ocrx_word' id='word_1_128' title='bbox 997 2076 1178 2177; x_wconf 87' lang='lat' dir='ltr'>ipse,</span> <span class='ocrx_word' id='word_1_129' title='bbox 1229 2101 1323 2152; x_wconf 92' lang='lat' dir='ltr'>ne</span> <span class='ocrx_word' id='word_1_130' title='bbox 1375 2099 1469 2153; x_wconf 90' lang='lat' dir='ltr'>ue</span> <span class='ocrx_word' id='word_1_131' title='bbox 1549 2077 1929 2182; x_wconf 85' lang='lat' dir='ltr'>quisquam</span> <span class='ocrx_word' id='word_1_132' title='bbox 1981 2074 2160 2150; x_wconf 90' lang='lat' dir='ltr'>alius</span> <span class='ocrx_word' id='word_1_133' title='bbox 2244 2076 2378 2171; x_wconf 89' lang='lat' dir='ltr'>ejus</span> 
     </span>
     <span class='ocr_line' id='line_1_21' title="bbox 407 2170 2383 2273; baseline -0.004 -21"><span class='ocrx_word' id='word_1_134' title='bbox 407 2174 737 2259; x_wconf 85' lang='lat' dir='ltr'>nomine,</span> <span class='ocrx_word' id='word_1_135' title='bbox 784 2177 1212 2273; x_wconf 82' lang='lat' dir='ltr'>comparuit.</span> <span class='ocrx_word' id='word_1_136' title='bbox 1371 2174 1566 2249; x_wconf 55' lang='lat' dir='ltr'>roin*</span> <span class='ocrx_word' id='word_1_137' title='bbox 1604 2183 1760 2251; x_wconf 90' lang='lat' dir='ltr'>tota</span> <span class='ocrx_word' id='word_1_138' title='bbox 1800 2171 1936 2247; x_wconf 88' lang='lat' dir='ltr'>hac</span> <span class='ocrx_word' id='word_1_139' title='bbox 1954 2183 1955 2190; x_wconf 68' lang='lat'>‘</span> <span class='ocrx_word' id='word_1_140' title='bbox 1975 2170 2183 2249; x_wconf 87' lang='lat' dir='ltr'>causa</span> <span class='ocrx_word' id='word_1_141' title='bbox 2238 2172 2383 2247; x_wconf 85' lang='lat' dir='ltr'>dili-</span> 
     </span>
     <span class='ocr_line' id='line_1_22' title="bbox 409 2265 2382 2370; baseline -0.004 -26"><span class='ocrx_word' id='word_1_142' title='bbox 409 2283 671 2370; x_wconf 86' lang='lat' dir='ltr'>genter</span> <span class='ocrx_word' id='word_1_143' title='bbox 717 2284 1044 2351; x_wconf 86' lang='lat' dir='ltr'>accurate</span> <span class='ocrx_word' id='word_1_144' title='bbox 1101 2294 1191 2346; x_wconf 89' lang='lat' dir='ltr'>ue</span> <span class='ocrx_word' id='word_1_145' title='bbox 1231 2272 1552 2369; x_wconf 86' lang='lat' dir='ltr'>cognita,</span> <span class='ocrx_word' id='word_1_146' title='bbox 1586 2266 1725 2345; x_wconf 91' lang='lat' dir='ltr'>Am</span> <span class='ocrx_word' id='word_1_147' title='bbox 1781 2265 1908 2342; x_wconf 76' lang='lat' dir='ltr'>liffi</span> <span class='ocrx_word' id='word_1_148' title='bbox 1934 2267 2244 2344; x_wconf 88' lang='lat' dir='ltr'>Senatus</span> <span class='ocrx_word' id='word_1_149' title='bbox 2262 2266 2382 2345; x_wconf 77' lang='lat' dir='ltr'>Ti.</span> 
     </span>
     <span class='ocr_line' id='line_1_23' title="bbox 404 2291 2381 2467; baseline 0.001 -27"><span class='ocrx_word' id='word_1_150' title='bbox 404 2367 715 2463; x_wconf 77' lang='lat' dir='ltr'>garinus</span> <span class='ocrx_word' id='word_1_151' title='bbox 749 2364 863 2444; x_wconf 90' lang='lat' dir='ltr'>die</span> <span class='ocrx_word' id='word_1_152' title='bbox 929 2389 1018 2439; x_wconf 92' lang='lat'>10</span> <span class='ocrx_word' id='word_1_153' title='bbox 1048 2294 1223 2467; x_wconf 55' lang='lat' dir='ltr'>Julii</span> <span class='ocrx_word' id='word_1_154' title='bbox 1263 2365 1453 2447; x_wconf 80' lang='lat' dir='ltr'>hanc</span> <span class='ocrx_word' id='word_1_155' title='bbox 1524 2364 1691 2441; x_wconf 89' lang='lat' dir='ltr'>tulit</span> <span class='ocrx_word' id='word_1_156' title='bbox 1725 2291 2153 2443; x_wconf 44' lang='lat' dir='ltr'>{ie-atentiam</span> <span class='ocrx_word' id='word_1_157' title='bbox 2171 2422 2195 2451; x_wconf 90' lang='lat'>,</span> <span class='ocrx_word' id='word_1_158' title='bbox 2250 2390 2381 2465; x_wconf 87' lang='lat' dir='ltr'>qua</span> 
     </span>
     <span class='ocr_line' id='line_1_24' title="bbox 405 2459 2375 2559; baseline -0.001 -22"><span class='ocrx_word' id='word_1_159' title='bbox 405 2461 660 2543; x_wconf 81' lang='lat' dir='ltr'>nefarii</span> <span class='ocrx_word' id='word_1_160' title='bbox 700 2461 916 2559; x_wconf 83' lang='lat' dir='ltr'>hujus</span> <span class='ocrx_word' id='word_1_161' title='bbox 957 2460 1361 2545; x_wconf 78' lang='lat' dir='ltr'>Homicidii</span> <span class='ocrx_word' id='word_1_162' title='bbox 1398 2485 1562 2538; x_wconf 85' lang='lat' dir='ltr'>reus</span> <span class='ocrx_word' id='word_1_163' title='bbox 1608 2460 1749 2537; x_wconf 87' lang='lat' dir='ltr'>fuit</span> <span class='ocrx_word' id='word_1_164' title='bbox 1804 2459 2330 2548; x_wconf 80' lang='lat' dir='ltr'>condemnatus</span> <span class='ocrx_word' id='word_1_165' title='bbox 2356 2517 2375 2552; x_wconf 86' lang='grc'>,</span> 
     </span>
     <span class='ocr_line' id='line_1_25' title="bbox 408 2553 2383 2662; baseline 0.001 -30"><span class='ocrx_word' id='word_1_166' title='bbox 408 2559 625 2658; x_wconf 82' lang='lat' dir='ltr'>eique</span> <span class='ocrx_word' id='word_1_167' title='bbox 666 2581 851 2662; x_wconf 89' lang='lat' dir='ltr'>aqua</span> <span class='ocrx_word' id='word_1_168' title='bbox 892 2560 967 2640; x_wconf 68' lang='grc' dir='ltr'>δε</span> <span class='ocrx_word' id='word_1_169' title='bbox 983 2562 1156 2659; x_wconf 84' lang='lat' dir='ltr'>igne</span> <span class='ocrx_word' id='word_1_170' title='bbox 1205 2559 1306 2642; x_wconf 90' lang='lat' dir='ltr'>est</span> <span class='ocrx_word' id='word_1_171' title='bbox 1350 2557 1836 2644; x_wconf 57' lang='lat' dir='ltr'>interdictum,</span> <span class='ocrx_word' id='word_1_172' title='bbox 1880 2553 2205 2657; x_wconf 75' lang='lat' dir='ltr'>haecque</span> <span class='ocrx_word' id='word_1_173' title='bbox 2233 2556 2383 2633; x_wconf 76' lang='lat' dir='ltr'>sen-</span> 
     </span>
     <span class='ocr_line' id='line_1_26' title="bbox 401 2652 2380 2755; baseline 0.002 -26"><span class='ocrx_word' id='word_1_174' title='bbox 401 2656 631 2735; x_wconf 83' lang='lat' dir='ltr'>tentia</span> <span class='ocrx_word' id='word_1_175' title='bbox 659 2654 1026 2755; x_wconf 86' lang='lat' dir='ltr'>divulgata</span> <span class='ocrx_word' id='word_1_176' title='bbox 1051 2712 1073 2743; x_wconf 91' lang='lat'>,</span> <span class='ocrx_word' id='word_1_177' title='bbox 1127 2657 1202 2732; x_wconf 83' lang='lat'>&amp;</span> <span class='ocrx_word' id='word_1_178' title='bbox 1237 2680 1403 2743; x_wconf 78' lang='lat' dir='ltr'>cum</span> <span class='ocrx_word' id='word_1_179' title='bbox 1434 2653 1525 2730; x_wconf 88' lang='lat' dir='ltr'>ad</span> <span class='ocrx_word' id='word_1_180' title='bbox 1623 2652 2140 2734; x_wconf 87' lang='lat' dir='ltr'>otentiffimum</span> <span class='ocrx_word' id='word_1_181' title='bbox 2165 2652 2380 2744; x_wconf 81' lang='lat' dir='ltr'>Rom.</span> 
     </span>
     <span class='ocr_line' id='line_1_27' title="bbox 411 2748 2385 2851; baseline -0.003 -18"><span class='ocrx_word' id='word_1_182' title='bbox 411 2748 964 2850; x_wconf 86' lang='lat' dir='ltr'>Imperatorem,</span> <span class='ocrx_word' id='word_1_183' title='bbox 1011 2767 1170 2829; x_wconf 90' lang='lat' dir='ltr'>tum</span> <span class='ocrx_word' id='word_1_184' title='bbox 1188 2750 1277 2827; x_wconf 90' lang='lat' dir='ltr'>ad</span> <span class='ocrx_word' id='word_1_185' title='bbox 1317 2752 1493 2828; x_wconf 88' lang='lat' dir='ltr'>alios</span> <span class='ocrx_word' id='word_1_186' title='bbox 1582 2750 2266 2851; x_wconf 80' lang='lat' dir='ltr'>rincipeS,Civitates</span> <span class='ocrx_word' id='word_1_187' title='bbox 2286 2766 2385 2827; x_wconf 79' lang='lat' dir='ltr'>at·</span> 
     </span>
     <span class='ocr_line' id='line_1_28' title="bbox 405 2844 2044 2955; baseline 0.002 -30"><span class='ocrx_word' id='word_1_188' title='bbox 405 2870 551 2955; x_wconf 84' lang='lat' dir='ltr'>que</span> <span class='ocrx_word' id='word_1_189' title='bbox 578 2844 1042 2947; x_wconf 87' lang='lat' dir='ltr'>Respublicas</span> <span class='ocrx_word' id='word_1_190' title='bbox 1085 2847 1470 2950; x_wconf 86' lang='lat' dir='ltr'>per-scripta</span> <span class='ocrx_word' id='word_1_191' title='bbox 1506 2847 1695 2928; x_wconf 47' lang='lat' dir='ltr'>fuit&lt;</span> <span class='ocrx_word' id='word_1_192' title='bbox 2038 2932 2044 2937; x_wconf 71' lang='grc'><em>,</em></span> 
     </span>
    </p>

    <p class='ocr_par' dir='ltr' id='par_1_5' title="bbox 402 2942 2388 3527">
     <span class='ocr_line' id='line_1_29' title="bbox 504 2942 2388 3042; baseline -0.004 -17"><span class='ocrx_word' id='word_1_193' title='bbox 504 2942 899 3025; x_wconf 83' lang='lat' dir='ltr'>Homicida</span> <span class='ocrx_word' id='word_1_194' title='bbox 953 2948 1057 3023; x_wconf 87' lang='lat' dir='ltr'>im</span> <span class='ocrx_word' id='word_1_195' title='bbox 1112 2948 1236 3023; x_wconf 86' lang='lat' dir='ltr'>ius·</span> <span class='ocrx_word' id='word_1_196' title='bbox 1264 2946 1606 3024; x_wconf 76' lang='lat' dir='ltr'>Huldricus</span> <span class='ocrx_word' id='word_1_197' title='bbox 1659 2952 1954 3042; x_wconf 72' lang='lat' dir='ltr'>Georgius</span> <span class='ocrx_word' id='word_1_198' title='bbox 2009 2944 2188 3042; x_wconf 87' lang='lat' dir='ltr'>fuga</span> <span class='ocrx_word' id='word_1_199' title='bbox 2229 2944 2388 3026; x_wconf 79' lang='lat' dir='ltr'>vitae</span> 
     </span>
     <span class='ocr_line' id='line_1_30' title="bbox 402 3037 2385 3142; baseline -0.002 -25"><span class='ocrx_word' id='word_1_200' title='bbox 402 3037 545 3118; x_wconf 83' lang='lat' dir='ltr'>suae</span> <span class='ocrx_word' id='word_1_201' title='bbox 594 3039 977 3123; x_wconf 84' lang='lat' dir='ltr'>consuluit.</span> <span class='ocrx_word' id='word_1_202' title='bbox 1156 3066 1276 3142; x_wconf 66' lang='lat' dir='ltr'>am</span> <span class='ocrx_word' id='word_1_203' title='bbox 1338 3042 1573 3124; x_wconf 79' lang='lat' dir='ltr'>statim</span> <span class='ocrx_word' id='word_1_204' title='bbox 1633 3042 1798 3141; x_wconf 87' lang='lat' dir='ltr'>post</span> <span class='ocrx_word' id='word_1_205' title='bbox 1933 3054 2203 3117; x_wconf 89' lang='lat' dir='ltr'>tratum</span> <span class='ocrx_word' id='word_1_206' title='bbox 2242 3039 2385 3115; x_wconf 84' lang='lat' dir='ltr'>sce-</span> 
     </span>
     <span class='ocr_line' id='line_1_31' title="bbox 404 3136 2382 3239; baseline 0 -23"><span class='ocrx_word' id='word_1_207' title='bbox 404 3137 519 3220; x_wconf 81' lang='lat' dir='ltr'>lus</span> <span class='ocrx_word' id='word_1_208' title='bbox 567 3140 647 3225; x_wconf 84' lang='lat' dir='ltr'>in</span> <span class='ocrx_word' id='word_1_209' title='bbox 678 3136 982 3239; x_wconf 79' lang='lat' dir='ltr'>Terram</span> <span class='ocrx_word' id='word_1_210' title='bbox 1013 3137 1655 3225; x_wconf 79' lang='lat' dir='ltr'>Abbatisoellanam</span> <span class='ocrx_word' id='word_1_211' title='bbox 1724 3162 1814 3239; x_wconf 89' lang='lat' dir='ltr'>au</span> <span class='ocrx_word' id='word_1_212' title='bbox 1873 3139 2054 3235; x_wconf 86' lang='lat' dir='ltr'>ugit,</span> <span class='ocrx_word' id='word_1_213' title='bbox 2106 3138 2183 3212; x_wconf 86' lang='lat'>&amp;</span> <span class='ocrx_word' id='word_1_214' title='bbox 2217 3136 2382 3216; x_wconf 84' lang='lat' dir='ltr'>dein</span> 
     </span>
     <span class='ocr_line' id='line_1_32' title="bbox 404 3231 2382 3335; baseline -0.003 -21"><span class='ocrx_word' id='word_1_215' title='bbox 404 3232 691 3314; x_wconf 76' lang='lat' dir='ltr'>rediens</span> <span class='ocrx_word' id='word_1_216' title='bbox 757 3258 892 3335; x_wconf 89' lang='lat' dir='ltr'>per</span> <span class='ocrx_word' id='word_1_217' title='bbox 961 3233 1314 3322; x_wconf 77' lang='lat' dir='ltr'>Rhenum</span> <span class='ocrx_word' id='word_1_218' title='bbox 1354 3238 1431 3310; x_wconf 89' lang='lat' dir='ltr'>in</span> <span class='ocrx_word' id='word_1_219' title='bbox 1509 3231 1964 3311; x_wconf 87' lang='lat' dir='ltr'>Coenobium</span> <span class='ocrx_word' id='word_1_220' title='bbox 2058 3235 2382 3309; x_wconf 84' lang='lat' dir='ltr'>vicinum</span> 
     </span>
     <span class='ocr_line' id='line_1_33' title="bbox 403 3322 2383 3431; baseline -0.003 -20"><span class='ocrx_word' id='word_1_221' title='bbox 403 3322 828 3419; x_wconf 62' lang='lat' dir='ltr'>Bdnbeten</span> <span class='ocrx_word' id='word_1_222' title='bbox 843 3330 981 3413; x_wconf 87' lang='lat' dir='ltr'>sese</span> <span class='ocrx_word' id='word_1_223' title='bbox 1010 3330 1345 3417; x_wconf 73' lang='lat' dir='ltr'>contulit,</span> <span class='ocrx_word' id='word_1_224' title='bbox 1367 3332 1614 3431; x_wconf 88' lang='lat' dir='ltr'>ibique</span> <span class='ocrx_word' id='word_1_225' title='bbox 1658 3353 1792 3410; x_wconf 86' lang='lat' dir='ltr'>ceu</span> <span class='ocrx_word' id='word_1_226' title='bbox 1814 3329 2226 3428; x_wconf 85' lang='lat' dir='ltr'>Religionis</span> <span class='ocrx_word' id='word_1_227' title='bbox 2257 3328 2383 3407; x_wconf 91' lang='lat' dir='ltr'>Pa-</span> 
     </span>
     <span class='ocr_line' id='line_1_34' title="bbox 402 3425 2381 3527; baseline 0.002 -24"><span class='ocrx_word' id='word_1_228' title='bbox 402 3425 583 3527; x_wconf 86' lang='lat' dir='ltr'>palis</span> <span class='ocrx_word' id='word_1_229' title='bbox 604 3425 857 3508; x_wconf 77' lang='lat' dir='ltr'>assecla</span> <span class='ocrx_word' id='word_1_230' title='bbox 923 3431 1087 3508; x_wconf 81' lang='lat' dir='ltr'>vitae</span> <span class='ocrx_word' id='word_1_231' title='bbox 1122 3426 1573 3510; x_wconf 79' lang='lat' dir='ltr'>securitatem</span> <span class='ocrx_word' id='word_1_232' title='bbox 1618 3425 1955 3527; x_wconf 81' lang='lat' dir='ltr'>quaefivit,</span> <span class='ocrx_word' id='word_1_233' title='bbox 1977 3443 2047 3502; x_wconf 88' lang='lat' dir='ltr'>at</span> <span class='ocrx_word' id='word_1_234' title='bbox 2086 3425 2381 3510; x_wconf 83' lang='lat' dir='ltr'>timidus</span> 
     </span>
    </p>
   </div>
   <div class='ocr_carea' id='block_1_3' title="bbox 1727 284 2059 307">
    <p class='ocr_par' dir='ltr' id='par_1_6' title="bbox 1727 284 2059 307">
     <span class='ocr_line' id='line_1_35' title="bbox 1727 284 2059 307; baseline 0 4019"><span class='ocrx_word' id='word_1_235' title='bbox 1727 284 2059 307; x_wconf 95' lang='lat' dir='ltr'> </span> 
     </span>
    </p>
   </div>
   <div class='ocr_carea' id='block_1_4' title="bbox 403 288 732 308">
    <p class='ocr_par' dir='ltr' id='par_1_7' title="bbox 403 288 732 308">
     <span class='ocr_line' id='line_1_36' title="bbox 403 288 732 308; baseline 0 4018"><span class='ocrx_word' id='word_1_236' title='bbox 403 288 732 308; x_wconf 95' lang='lat' dir='ltr'> </span> 
     </span>
    </p>
   </div>
   <div class='ocr_carea' id='block_1_5' title="bbox 2069 287 2405 309">
    <p class='ocr_par' dir='ltr' id='par_1_8' title="bbox 2069 287 2405 309">
     <span class='ocr_line' id='line_1_37' title="bbox 2069 287 2405 309; baseline 0 4017"><span class='ocrx_word' id='word_1_237' title='bbox 2069 287 2405 309; x_wconf 95' lang='lat' dir='ltr'> </span> 
     </span>
    </p>
   </div>
   <div class='ocr_carea' id='block_1_6' title="bbox 404 3521 2497 3627">
    <p class='ocr_par' dir='ltr' id='par_1_9' title="bbox 242 3521 2497 3627">
     <span class='ocr_line' id='line_1_38' title="bbox 404 3521 2497 3627; baseline 0.001 -24.856"><span class='ocrx_word' id='word_1_238' title='bbox 404 3521 708 3627; x_wconf 65' lang='lat' dir='ltr'>ulterius</span> <span class='ocrx_word' id='word_1_239' title='bbox 735 3524 1089 3625; x_wconf 79' lang='lat' dir='ltr'>profugit.</span> <span class='ocrx_word' id='word_1_240' title='bbox 1190 3522 1636 3625; x_wconf 80' lang='lat' dir='ltr'>Quanquam</span> <span class='ocrx_word' id='word_1_241' title='bbox 1677 3538 1917 3616; x_wconf 85' lang='lat' dir='ltr'>autem</span> <span class='ocrx_word' id='word_1_242' title='bbox 1950 3521 2384 3621; x_wconf 85' lang='lat' dir='ltr'>supplicium</span> <span class='ocrx_word' id='word_1_243' title='bbox 2496 3597 2497 3604; x_wconf 12' lang='grc' dir='ltr'><strong><em>Ν</em></strong></span> 
     </span>
    </p>
   </div>
   <div class='ocr_carea' id='block_1_7' title="bbox 378 3616 2497 3797">
    <p class='ocr_par' dir='ltr' id='par_1_10' title="bbox 378 3616 2497 3797">
     <span class='ocr_line' id='line_1_39' title="bbox 378 3616 2497 3726; baseline -0.001 -26"><span class='ocrx_word' id='word_1_244' title='bbox 378 3616 818 3704; x_wconf 73' lang='lat' dir='ltr'>humanum</span> <span class='ocrx_word' id='word_1_245' title='bbox 840 3634 1031 3706; x_wconf 81' lang='lat' dir='ltr'>tetro</span> <span class='ocrx_word' id='word_1_246' title='bbox 1063 3620 1219 3721; x_wconf 25' lang='lat' dir='ltr'>‘suo</span> <span class='ocrx_word' id='word_1_247' title='bbox 1251 3621 1573 3704; x_wconf 80' lang='lat' dir='ltr'>facinore</span> <span class='ocrx_word' id='word_1_248' title='bbox 1617 3619 1924 3726; x_wconf 87' lang='lat' dir='ltr'>dignum</span> <span class='ocrx_word' id='word_1_249' title='bbox 1961 3620 2383 3705; x_wconf 60' lang='lat' dir='ltr'>evitavibta-</span> <span class='ocrx_word' id='word_1_250' title='bbox 2496 3647 2497 3666; x_wconf 52' lang='lat'>¹</span> 
     </span>
     <span class='ocr_line' id='line_1_40' title="bbox 1622 3739 2376 3797; baseline 0.003 -3"><span class='ocrx_word' id='word_1_251' title='bbox 1622 3744 1627 3749; x_wconf 90' lang='lat'>·</span> <span class='ocrx_word' id='word_1_252' title='bbox 2190 3739 2376 3797; x_wconf 85' lang='lat' dir='ltr'>men</span> 
     </span>
    </p>
   </div>
   <div class='ocr_carea' id='block_1_8' title="bbox 954 3861 1031 3881">
    <p class='ocr_par' dir='ltr' id='par_1_11' title="bbox 954 3861 1031 3881">
     <span class='ocr_line' id='line_1_41' title="bbox 954 3861 1031 3881; baseline 0 -12"><span class='ocrx_word' id='word_1_253' title='bbox 954 3861 1031 3881; x_wconf 64' lang='lat'>·2:.·.·</span> 
     </span>
    </p>
   </div>
  </div>
 </body>
</html>
