2590 4326
866 76 1251 232 {Rq-2}
1307 83 1473 189 *ἐ
1537 190 1541 194 ,
2027 99 2188 183 431

208 477 235 518 .:
323 454 608 530 Verum
655 445 790 527 alia
854 465 1070 552 atque
1126 449 1460 551 primaria
1491 449 1802 549 superest
1846 456 2030 530 ratio
2065 441 2204 532 cur'

214 545 762 650 sapientiffimus
804 547 1149 645 Magister
1183 547 1518 649 symbolo
1541 553 1672 639 suis
1693 613 1698 618 .
1717 562 1991 636 utatur,
2029 556 2195 650 quia

168 733 173 738 ‚
219 648 495 724 scilicet
540 643 651 719 sus
680 642 895 720 semel
926 647 1141 718 abluta
1172 645 1261 721 ad
1308 643 1772 720 volutabrum
1826 644 2071 723 denuo
2094 675 2196 721 re-

221 747 364 819 dire
405 740 591 818 solet
631 797 653 827 ,
720 741 917 817 unde
980 743 1454 841 proverbium
1492 739 1717 815 illud:
1773 744 1840 815 ὃς
1884 744 2196 834 manupae-n

224 851 310 913 εις
343 837 628 928 κάλαμοι
699 836 982 931 βορβόρκ
1019 836 1437 932 ἔπιςςέῷασα·
1530 858 1575 912 2
1609 835 1757 914 Pet.
1792 861 1820 911 1
1842 861 1899 913 1.
1933 860 2047 914 22.
2100 839 2199 916 A..

227 937 375 1013 deo
484 960 522 1010 e
573 933 1155 1033 elegantiffimam
1187 934 1484 1010 illorum
1528 932 1833 1031 figuram
1861 938 1937 1011 in
1963 935 2197 1035 specie

230 1032 402 1110 exhi
459 1046 552 1118 et,
575 1036 701 1130 qui
735 1035 1058 1131 quamvis
1084 1034 1457 1107 veritatem
1478 1033 1877 1128 approbare
1901 1047 2200 1132 externe

209 1129 647 1217 videantur,
686 1143 929 1204 tamen
966 1128 1226 1203 delitiis
1259 1130 1488 1204 carnis
1520 1126 1701 1202 adeo
1736 1126 1960 1203 dederi
2007 1127 2195 1218 sunt,

227 1241 315 1302 ut
351 1247 571 1325 quarn
603 1229 923 1327 primum
988 1249 1177 1302 nova
1217 1222 1497 1313 occasio
1546 1221 2062 1322 suppeditetur,
2114 1226 2200 1301 ila

225 1322 381 1398 lico
443 1321 532 1398 ad
578 1321 1043 1399 volutabrum
1081 1320 1259 1396 illud
1307 1319 1620 1395 redeant.
1720 1318 2084 1419 Praecipue
2120 1323 2232 1397 il.‘

226 1420 348 1496 los
381 1416 663 1515 respicit
692 1416 1015 1515 Salvator
1038 1474 1059 1503 ‚
1109 1420 1232 1516 qui
1270 1419 1644 1493 veritatem
1703 1416 1949 1491 denuo
1984 1419 2200 1495 abne-

222 1526 414 1614 gant
441 1513 1138 1612 &concupiscentiis
1184 1512 1427 1592 denuo
1481 1514 1932 1598 irretiuntur,
2011 1516 2201 1592 uales

229 1614 313 1687 in
351 1608 659 1688 Ecclefia
697 1610 1112 1711 Apostolica
1166 1612 1343 1687 varii
1375 1609 1702 1685 exstitere
1729 1665 1752 1696 ,
1797 1624 1880 1684 ut
2009 1636 2201 1700 emas

229 1709 364 1806 qui
444 1706 681 1783 relicta
718 1708 1038 1788 dostrina
1083 1705 1474 1805 apostolica
1521 1704 1802 1780 mundo
1836 1729 1965 1781 cor
1993 1705 2201 1785 suum

226 1802 641 1881 reddiderat
688 1825 731 1881 2
761 1804 951 1881 Tim.
996 1801 1122 1880 IV.
1166 1825 1268 1877 1o.
1320 1802 1562 1902 quales
1596 1824 1895 1913 quoque
1913 1814 2202 1907 tempo-

228 1926 312 1975 re
348 1898 611 1977 Christi
648 1916 844 1977 erant
920 1900 1041 1976 oh.
1106 1898 1232 1975 VI.
1276 1911 1391 1972 66.
1495 1900 1569 1972 &
1627 1913 1814 1973 mter
1853 1896 2202 1981 Hebraeos

228 1996 530 2097 plurimi
595 1995 780 2074 Heb.
822 2052 856 2074 Δ
909 2057 923 2071 .
962 2018 1074 2087 25.
1130 2019 1449 2096 quorum
1499 1992 1864 2092 Johannes
1900 2022 2196 2101 quoque

229 2096 691 2170 mentionem
733 2097 959 2192 injicit
1019 2116 1047 2166 1
1091 2090 1368 2193 Joh.II.
1425 2115 1531 2180 19.

224 2230 228 2235 ·
334 2187 469 2267 His
511 2194 868 2291 praecipue
899 2199 1275 2287 Margarita
1304 2189 1439 2264 illae
1461 2192 1773 2289 mysticae
1797 2215 1953 2266 non
2001 2206 2203 2268 erant

229 2288 713 2387 porrigendae.
819 2287 928 2363 Mn*
966 2289 1211 2361 eamn
1263 2344 1281 2370 ,
1360 2287 1596 2390 inquit
1648 2288 1969 2365 Salvator
2018 2345 2038 2373 ,
2105 2304 2201 2365 ne

216 2388 605 2482 projiciata,
748 2388 865 2462 uia
948 2386 1476 2461 'nutrimentum
1512 2387 1806 2460 canibus
1842 2386 1915 2459 δε
1956 2388 2202 2484 porcis

218 2485 457 2578 projici
502 2478 683 2557 solet
814 2482 993 2560 atth„x
1044 2478 1217 2558 XV.
1295 2490 1411 2554 26.
1513 2480 1744 2557 Simul
1780 2495 2021 2558 autem
2065 2481 2204 2557 hac

106 2664 113 2667 ‚
233 2598 426 2652 voce
464 2576 782 2654 Salvator
818 2581 1055 2655 innuit
1087 2633 1108 2663 ‚
1183 2600 1273 2652 eo
1304 2573 1457 2675 ipso
1486 2632 1507 2663 ,
1573 2577 1750 2655 dum
1781 2576 2204 2654 hominibus

233 2672 430 2748 hisce
468 2673 660 2750 dona
698 2673 1080 2773 spiritualia
1131 2697 1212 2749 ac
1257 2672 1756 2772 promisfiones
1817 2668 2203 2788 Evangelii

236 2769 694 2869 applicentur
725 2828 747 2858 ,
829 2772 1078 2849 eadem
1128 2771 1394 2855 temni,
1449 2794 1585 2846 nec
1629 2773 1833 2866 juxta
1885 2787 2204 2870 pretlum

235 2867 652 2965 legitimum
700 2870 1018 2945 aestimari
1038 2924 1058 2954 ‚
1127 2879 1375 3039 1Quum
1428 2869 1623 2941 enim
1668 2871 1868 2963 panis,
1911 2870 2205 2944 canibus

235 2987 399 3039 non
429 2979 579 3040 erat
613 2964 1099 3063 projiciendus
1218 2960 1390 3036 atth.
1430 2959 1602 3039 XV.
1641 2973 1753 3036 26.
1807 2964 2046 3041 multo
2069 2967 2209 3039 mi-

237 3084 377 3135 nus
416 3068 785 3157 Margarita
833 3063 1091 3161 porcis.
1197 3057 1444 3150 Quare
1501 3057 1864 3156 Apostolis
1904 3084 2205 3160 quoque

239 3172 679 3329 praeoesfemt
711 3158 973 3235 Matth.
1013 3155 1111 3234 X.
1142 3179 1171 3228 1
1192 3173 1249 3229 Ι.
1308 3169 1393 3232 ut
1436 3153 1488 3230 fi
1528 3158 1604 3230 in
1652 3156 1910 3230 urbem
1951 3171 2077 3233 aut
2100 3158 2207 3233 vi-

241 3279 418 3343 cum
505 3257 859 3341 eveniant,
899 3257 1097 3353 prius
1138 3253 1503 3354 inquirant
1551 3277 1642 3327 an
1672 3251 1857 3331 αἴξιοι,
1897 3251 2100 3350 digni
2129 3255 2208 3328 in

192 3360 195 3363 ‘
239 3373 321 3427 ea
350 3351 690 3430 homines
737 3354 1177 3455 reperiantur
1214 3405 1233 3433 ,
1286 3351 1545 3448 quibus
1597 3347 1881 3425 donum
1916 3347 2207 3426 coeleste

237 3452 581 3550 aperiant.
2063 3460 2100 3467 *'

1168 3604 1301 3684 ,Ee
1365 3627 1399 3697 ς
1893 3604 2205 3698 §.XIIL
