2590 4326
270 281 273 284 v
414 166 579 259 3⁶8
1180 161 1321 267 *a
1380 158 1491 263 )-·(
1548 159 1683 261 &a

402 347 596 418 &atio
618 396 641 428 ,
730 341 958 414 amoris
994 339 1437 430 consummatio
1471 397 1490 426 ‚
1575 360 1650 413 tu
1696 367 1831 413 mea
1865 342 2197 439 gloriatio,
2243 342 2397 436 Jefit

406 439 628 515 mundi
676 437 976 530 fizlvatio.
1088 447 1180 511 Tu
1213 465 1439 511 verum
1495 439 1630 515 Coeli
1654 439 1961 531 gaudium
1988 493 2008 523 ,
2067 440 2223 531 jesu
2253 464 2396 513 cor-

406 538 503 611 deis
534 536 893 632 trtpudium
926 588 947 619 ,
1000 536 1211 609 tollens
1251 561 1430 608 omne
1474 534 1801 629 fissidinm
1834 565 1854 607 .·
1898 537 2046 609 Mel
2075 547 2097 619 3
2134 539 2353 609 neelar
2371 591 2392 621 ‚

403 635 614 717 melos,
643 633 946 724 suavium
953 661 979 717 ‚-
1032 633 1108 707 &
1145 654 1306 731 quae
1333 630 1465 707 alia
1493 630 1848 729 pathetica
1876 629 2090 730 plane
2117 686 2138 717 ‚
2193 631 2273 709 &
2296 632 2398 707 af-

251 743 260 748 “
404 726 716 810 fectuosa
744 725 1616 827 elegantisternhardiani
1642 724 1926 804 Cantici
1957 727 2174 803 verba
2199 727 2390 815 fisnt,

405 827 671 939 quibus
704 822 977 902 sanctus
1016 823 1139 902 hic
1204 822 1342 900 Vir
1364 881 1386 909 ,
1456 822 1593 899 hos
1643 821 2047 923 ssmilesque
2087 824 2402 901 creden-

400 937 491 1000 tis
546 923 990 1021 amantisque
1052 924 1307 997 animae
1389 919 1718 1004 adversus
1778 917 2023 1021 Jesum
2096 920 2393 1002 affestus

460 1019 889 1121 rosequutus
954 1018 1094 1106 est,
1183 1017 1406 1117 digna
1462 1031 1654 1093 certe
1688 1075 1709 1104 ,
1812 1042 1922 1095 uae
1970 1041 2065 1094 ex
2135 1021 2397 1121 magni

333 1183 338 1188 .
471 1116 779 1216 heologi
818 1110 1092 1214 judicio
1118 1171 1139 1202 ,
1199 1115 1641 1191 memoriterw
1675 1114 1750 1190 di
1778 1128 2065 1202 cantur,
2111 1116 2190 1192 &
2246 1120 2391 1192 fre-

398 1229 709 1317 quenter
739 1211 1081 1291 Domino
1140 1209 1310 1313 Jesu
1355 1214 1446 1305 in¹
1475 1209 1746 1309 Spiritu
1787 1214 1864 1288 δε
1895 1215 2195 1288 veritate
2258 1237 2390 1291 oc-

399 1315 753 1390 cinantur.
855 1307 980 1387 Ast
1033 1333 1189 1387 non
1267 1307 1346 1385 id
1413 1306 1781 1388 duntaxat.
1880 1306 2187 1409 l-nspimt
2229 1308 2387 1387 haec

396 1408 852 1488 mortalitatis
893 1406 1269 1488 meditatio
1341 1404 1661 1481 hominis
1694 1404 1901 1482 cordi
1935 1404 2225 1506 insuper
2283 1407 2388 1483 af-

393 1505 665 1583 festum
695 1527 879 1580 verae
898 1506 974 1583 &
1012 1503 1311 1605 quidem
1346 1503 1614 1580 festinat
1651 1503 2121 1603 poenitentiae.
2227 1501 2385 1597 Qui

393 1625 664 1702 nempe
705 1601 973 1701 absque
1034 1598 1511 1702 refipiscentia
1570 1603 1884 1675 moritur
1912 1656 1935 1685 ‚
1974 1601 2036 1675 is
2085 1603 2166 1675 in
2210 1623 2384 1700 pec-

395 1702 569 1775 catis
604 1700 916 1787 moritur
938 1754 961 1785 ,
1024 1700 1152 1797 qui
1192 1715 1370 1774 vero
1414 1695 1496 1772 in
1542 1698 1853 1796 peccatis
1888 1699 2202 1773 moritur
2245 1754 2267 1784 ‚
2322 1700 2382 1772 is

391 1794 597 1873 letho
636 1794 833 1873 malo
864 1797 1183 1871 moritur
1222 1851 1274 1882 ,a
1318 1795 1394 1870 &
1456 1794 1793 1891 gravibus
1828 1791 2038 1869 illum
2101 1794 2380 1871 umbris

389 1889 588 1994 spiffa
630 1891 882 1992 caligo
914 1890 1032 1969 alli
1126 1899 1176 1968 t.
1282 1889 1499 1967 Unde
1548 1888 1867 1967 Christus
1897 1888 2161 1965 malam
2176 1914 2378 1966 mor-

397 2002 549 2066 tem
583 1990 658 2066 &
723 2003 1007 2085 tremen
1059 2012 1176 2065 am
1220 1984 1486 2087 Judaeis
1575 1986 2164 2063 intenninaturus
2197 2043 2220 2074 ,
2291 1990 2376 2064 iis

389 2088 709 2166 minatur
729 2142 752 2175 ,
813 2096 1155 2162 morituros
1198 2088 1332 2159 illos
1383 2093 1455 2157 in
1485 2092 1754 2182 peccatis
1769 2084 1918 2177 suth.
2016 2080 2200 2161 Haec
2252 2108 2375 2161 ve-

388 2187 557 2262 ritas
596 2183 719 2261 illa
754 2186 856 2261 est
874 2241 895 2271 ,
932 2182 1024 2260 de
1071 2207 1212 2283 qua
1245 2206 1417 2260 cum
1457 2183 1736 2258 ratione
1768 2204 1992 2258 nemo
2016 2180 2224 2258 sanus
2237 2206 2375 2258 un-

388 2304 613 2381 quam
645 2280 967 2358 dubitare
1002 2280 1241 2380 potest
1286 2336 1310 2366 ,
1399 2302 1602 2379 aeque
1653 2293 1868 2378 atque
1945 2301 2171 2355 nemo
2234 2302 2373 2355 un-

390 2384 614 2478 quam
693 2377 1049 2476 dubitavit
1074 2432 1095 2462 ,
1148 2374 1240 2450 de
1285 2374 1502 2452 altera
1538 2373 1718 2462 illa,
1811 2398 1951 2461 nos
2007 2373 2143 2451 hac
2204 2375 2275 2475 le
2331 2401 2371 2453 e

388 2497 646 2569 omnes
684 2488 893 2552 natos
940 2469 1110 2558 effe,
1183 2485 1270 2549 ut
1306 2469 1544 2548 rursus
1608 2470 2108 2548 denascamur:
2163 2473 2242 2549 &
2326 2497 2368 2549 e

387 2570 594 2646 tertia
643 2568 815 2657 hac,
875 2592 1006 2669 per
1044 2567 1382 2667 ambigua
1439 2567 1786 2645 horarum
1835 2566 2051 2668 spatia
2095 2592 2238 2645 nos
2278 2568 2371 2647 ad

385 2688 863 2748 communem
921 2666 997 2741 δι
1031 2678 1303 2742 certam
1348 2663 1536 2742 hanc
1592 2667 1849 2744 mortis
1889 2679 2158 2742 metam
2185 2690 2371 2743 con-

382 2763 722 2851 tendere,
800 2785 1041 2865 neque
1083 2759 1232 2839 hoc
1287 2785 1571 2839 novum
1637 2759 1773 2838 effe
1817 2761 1908 2838 de
1970 2762 2369 2863 improviso

305 2932 314 2935 Δ
381 2857 688 2960 saepius·‚
780 2861 856 2938 &
898 2860 1144 2936 omnia
1237 2857 1371 2936 alia
1412 2861 1862 2937 ominantem
1903 2859 1993 2936 ad
2057 2859 2366 2936 eandem

382 2955 803 3058 appellere,
889 2980 1060 3053 cum
1102 2953 1417 3059 vulgaris
1471 2955 1768 3055 'querela
1850 2954 1937 3032 fit
1951 3011 1974 3044 ,
2025 2960 2162 3052 quis

370 3051 642 3152 pmaffi’t
720 3074 855 3128 tam
910 3061 1099 3150 praeci
1139 3057 1240 3126 itis
1275 3061 1432 3128 Fati.
1532 3051 1841 3128 Abstulit
1872 3051 2176 3131 ‚clarum
2223 3056 2364 3130 cita

378 3174 582 3230 mors
643 3148 1001 3229 Achillem
1023 3206 1044 3237 ‚
1135 3172 1332 3249 onga
1382 3146 1796 3226 Tithonum
1853 3151 2127 3229 minuit
2160 3148 2360 3228 sene-

378 3249 550 3332 ἑὶυε.
649 3246 846 3326 Nam
889 3248 974 3327 &
1007 3259 1092 3324 ut
1119 3244 1366 3344 fruges
1415 3244 1565 3322 aliae
1599 3248 1676 3323 in
1735 3243 1955 3322 herba
1997 3262 2310 3346 pereunt
2332 3303 2355 3335 ‚

281 3404 288 3411 ψ
376 3344 534 3437 3118
563 3347 643 3421 in
682 3344 929 3422 culmo
955 3399 978 3430 ,
1066 3356 1190 3418 aut
1213 3344 1290 3417 in
1325 3341 1562 3428 arista,
1602 3342 1753 3419 aliae
1778 3341 2090 3442 denique
2117 3359 2356 3421 matu-

376 3435 661 3520 rescunt
683 3443 758 3517 &
798 3441 1280 3517 demetuntur.
1379 3436 1487 3517 Ita
1551 3438 1885 3516 homines
1914 3439 2223 3539 ‘quidam
2279 3443 2358 3517 in

375 3551 545 3612 ortu
589 3594 610 3625 ,
633 3634 634 3639 Ν
656 3537 773 3614 3111
823 3540 902 3614 in
954 3537 1259 3637 pueritia
1286 3590 1310 3621 ,
1350 3537 1430 3612 in
1473 3537 1851 3631 juventute
1892 3537 2011 3612 alii
2035 3592 2056 3623 ‚
2122 3535 2242 3615 alii
2280 3540 2357 3613 in

372 3632 594 3711 virilis
637 3636 859 3714 aetatis
902 3636 1074 3728 άκμῆ
1108 3689 1129 3721 ,
1182 3630 1302 3714 alii
1363 3631 1678 3735 denique
1759 3635 1836 3711 in
1898 3632 2044 3735 ipsa
2080 3631 2356 3807 senlesta

415 3786 422 3803 ·
2084 3755 2166 3808 ca
2224 3743 2355 3806 unt
