2590 4326
434 99 595 190 158
1094 85 1235 192 ἓε
1350 88 1461 204 )³(
1571 87 1712 196 Q

427 219 2424 256 ...---------.-------.....-.......

327 341 328 350 Ν
427 267 881 354 viventium
966 265 1222 350 studia
1305 266 1389 350 in
1476 296 1574 353 eo
1661 269 1893 357 unice
1961 268 2186 362 fuere
2226 337 2255 377 ‚
2327 303 2423 368 ut
2497 371 2499 388 1

423 379 841 494 Creatoris
939 378 1278 490 gloriam
1385 379 1964 500 hominumque
2088 384 2424 477 salutem
2497 399 2499 499 j

368 520 581 607 ⁸pro
656 488 877 575 virili
951 496 1603 602 promoverent?
1787 498 2166 612 Cumque
2244 504 2424 608 Viri
2498 515 2499 600 ἶ

426 604 723 690 eruditi
779 603 1059 689 Patriae
1115 602 1395 687 etiam.
1423 601 1568 687 suae
1602 600 1843 692 decus
1885 606 2097 695 haud
2142 614 2431 727 vulga-·
2497 617 2499 646 ³

429 745 520 803 re
574 716 1010 804 concilient
1025 733 1052 815 ‚'
1130 714 1215 797 in
1273 713 1613 826 patriam
1647 720 1959 827 peccari
2029 726 2238 809 redte
2298 726 2421 811 dr·-
2497 741 2499 758 ¹

426 858 607 918 cas,
694 828 751 913 fi
810 852 1091 914 eorum
1164 825 1507 911 virtutes
1625 828 1981 916 celentur
2067 830 2408 923 filentio.-
2498 825 2499 846 ¹

428 935 744 1056 (Qicw¹
783 939 1010 1057 quod
1069 936 1465 1045 ejusmodi
1535 936 1770 1026 labor
1835 942 1940 1027 ad
1992 945 2220 1039 Dei,
2285 949 2421 1035 cui
2498 973 2499 1054 j

428 1053 718 1160 omnia
768 1062 1050 1164 corpor
1065 1050 1128 1134 is
1190 1050 1596 1163 animique
1659 1077 2129 1141 ornamenta
2189 1086 2415 1146 acce-

425 1185 567 1359 fita
631 1161 1047 1249 referenda
1101 1159 1274 1246 sunt
1306 1221 1333 1259 ,
1395 1160 1738 1273 gloriam
1853 1166 2437 1257 celebrandamx

487 1276 644 1361 aud
701 1302 979 1388 parum
1024 1272 1426 1361 conducit.
1484 1327 1489 1332 -
1637 1274 1986 1363 Accedit
2060 1281 2410 1397 denique

426 1388 654 1502 quod
716 1388 867 1472 hac
921 1385 1228 1470 ratione
1282 1384 1389 1470 ad
1452 1379 1773 1470 virtutis
1835 1389 2176 1477 studium
2208 1403 2229 1416 ”
2257 1397 2406 1482 ho·-

422 1497 679 1592 mines
740 1496 1125 1586 facillime
1180 1496 1728 1585 incendantur.
1908 1502 2179 1589 Nemo
2260 1506 2406 1591 ita-

484 1638 580 1697 ue
603 1608 801 1693 mihi
821 1604 1846 1723 vitio‚spero,vertet,quod
1873 1613 2407 1718 Eruditiffimi,

479 1750 527 1806 e
565 1718 954 1819 Ecclefia,
1031 1720 1136 1804 de
1201 1719 1499 1804 Schola
1597 1721 1858 1807 nostra
1933 1725 2404 1813 Meritiffimi

414 1832 600 1919 Viri
653 1830 1128 1944 JOANNIS
1183 1831 1686 1926 MULLERI
1719 1892 1749 1930 ‚
1819 1838 2033 1943 cujus
2096 1834 2403 1951 semper

414 1943 679 2036 honos
721 2002 750 2045 2
833 1970 1290 2057 nomenque
1393 1940 1857 2056 laudesque
1938 1948 2402 2050 manebunt,

415 2056 675 2142 vitam
757 2079 1002 2170 atque
1098 2053 1263 2139 fata
1299 2113 1326 2151 ‚
1430 2053 1610 2138 rudi
1682 2054 1875 2139 licet
1954 2058 2400 2149 describere

331 2180 344 2193 ‘
409 2170 796 2265 Minerva
883 2171 970 2267 in
1046 2168 1398 2253 animum
1554 2167 2000 2253 induxerim
2103 2201 2392 2261 meumr

408 2281 816 2390 Quamvis.
869 2306 976 2364 ea·
1018 2279 1217 2363 mihi
1277 2275 1475 2362 defit
1530 2277 1876 2389 peritia,
1930 2304 2025 2366 ut
2082 2287 2396 2375 Incom-

408 2391 786 2497 parabilis
845 2388 1026 2473 Viri
1073 2388 1413 2476 ‘virtutes
1446 2389 1660 2474 vivis
1714 2392 2146 2507 depingere
2202 2396 2387 2506 pofi-

398 2502 561 2587 sem
628 2497 1079 2600 coloribuS,
1172 2501 1259 2586 id
1329 2526 1597 2586 tamen
1691 2502 1921 2590 addit
1971 2507 2388 2610 animum,

275 2668 310 2688 x
400 2612 627 2728 quod
682 2612 935 2700 virtus
1000 2609 1164 2724 ipsa
1220 2609 1352 2699 sua
1411 2609 1489 2698 se
1529 2614 2118 2727 pulchritudine
2164 2609 2390 2705 coiu-

400 2726 787 2826 mendcr,
844 2753 993 2812 nec
1047 2725 1481 2813 verborum
1545 2727 1736 2814 fuco
1791 2728 2085 2818 habeat
2154 2745 2387 2841 opus'.

360 2962 372 2969 κ
504 2907 1119 2995 MULLERUS
1173 2932 1364 3018 ergo
1421 2906 1679 2993 noster
1728 2908 1928 2996 lucis
1982 2908 2212 2994 venit
2276 2910 2390 2997 ad

388 3044 642 3129 auras*
675 3019 1158 3131 Groningae‚
1219 3018 1389 3130 agri
1450 3021 1813 3133 Tigurini
1881 3020 2098 3107 haud
2149 3019 2385 3135 igno-

384 3131 542 3220 bili
614 3130 879 3230 Vico,
984 3128 1245 3244 pridie
1320 3132 1737 3218 Nonarum
1865 3133 2079 3242 Junii
2159 3136 2401 3221 anno'

385 3240 917 3331 MDCXXIX,
1053 3246 1365 3329 Patrem
1451 3242 1734 3329 habuit
1825 3243 2402 3355 JOANNEM-

386 3354 1039 3440 MULLERUM
1060 3413 1087 3453 ,
1111 3359 1711 3453 Grammateum
1733 3355 2374 3469 Groninganum,

379 3465 778 3550 Cohortis
833 3465 1209 3562 Militaris
1251 3464 1693 3553 Tribunum
1724 3527 1751 3568 ‚
1844 3468 2116 3579 postea
2194 3470 2374 3553 Du-

378 3576 963 3664 centumvirum
1007 3635 1037 3678 ,
1133 3576 1418 3683 Virum
1473 3580 1577 3668 de
1624 3604 1703 3688 te
1737 3582 2000 3670 nostra
2036 3576 2367 3709 publica
2498 3630 2499 3633 κ

535 3722 536 3725 ¹
1764 3710 1769 3714 ’
2056 3714 2365 3807 optime
2498 3792 2499 3795 w
