2590 4326
859 147 1257 272 vam(
1367 143 1507 250 ἐκ
1691 163 1696 174 ’
2018 148 2194 255 647»,

199 323 340 401 bus
409 323 680 399 hancce
774 320 823 397 fi
884 322 1378 405 nificatione'm
1458 323 1768 424 probare
1847 342 2175 406 conatur.

195 418 422 516 Unde
471 422 615 517 jam
673 445 766 496 ex
881 423 894 435 '
1010 424 1352 502 omnibus
1432 419 1780 520 colligere
1851 424 2172 514 licebit,

197 517 408 617 quod
465 573 487 605 ,
552 515 606 592 fi
653 517 807 615 haec
840 516 1264 615 significatio
1333 525 1450 616 ,τοῦ
1504 509 1751 606 ‘7’an
1781 521 1855 597 δι
1907 524 1984 597 in
2029 520 2183 600 He-

193 615 388 704 braea
429 616 501 689 &
557 616 634 689 in
683 612 982 692 Arabica
1025 614 1313 715 Lingua
1398 639 1619 716 quam
1699 619 2016 698 maxime
2093 619 2181 699 fit

183 710 497 808 fundata
522 767 542 797 ,
577 709 961 789 neceffario
990 713 1188 814 sequi
1231 713 1529 799 debeat,
1588 726 1672 788 ut
1702 712 1884 791 nihil
1941 719 2181 801 omni..

187 833 321 989 1110·
361 808 641 896 obstet,
727 832 880 914 quo
912 834 916 846 ’
943 813 1184 898 minus
1232 809 1444 890 suum·
1483 808 1648 887 heic
1696 811 1884 892 tueri
1931 811 2170 913 posset

1063 1070 1127 1164 §.
1176 1068 1471 1159 XVIII.

296 1234 477 1313 Toti
534 1234 708 1314 huic
746 1234 1242 1334 Disputationi
1281 1227 1504 1318 finem
1541 1237 1970 1338 impofituro
2034 1261 2204 1326 una*

180 1334 440 1413 adhuc
472 1333 822 1430 objectio,
875 1355 1035 1436 quae
1073 1331 1319 1409 multis
1350 1357 1643 1410 crucem
1692 1334 1851 1411 fixit
1884 1393 1906 1423 ,
1967 1338 2179 1414 restat

189 1431 644 1508 removenda
661 1488 682 1518 ‚
746 1434 1093 1507 nimirum
1117 1485 1139 1515 ‚
1211 1430 1419 1530 quod
1458 1429 1734 1509 dicatur
1782 1435 1977 1508 Exod.
2025 1442 2173 1510 XII.

134 1583 137 1584 γ
180 1542 318 1619 36.
425 1539 505 1601 Et
531 1529 705 1601 dedit
733 1532 1016 1627 gratiam
1038 1526 1287 1620 Jelmva
1299 1531 1534 1624 populo
1608 1575 1646 1591 -
1735 1577 1771 1592 -
1844 1519 2177 1622 15:021&

173 1628 550 1723 ‘spoliarunt
599 1635 940 1726 AEggptios.
1041 1620 1143 1700 En
1179 1621 1196 1700 !
1247 1624 1645 1725 inquiunt,
1680 1623 2005 1703 Istaelitae
2038 1625 2175 1703 sese
2197 1705 2206 1718 „

190 1725 572 1798 latronum
596 1722 684 1797 ad
726 1719 937 1797 instar
970 1718 1334 1819 gelserunt
1361 1778 1381 1807 ‚
1428 1724 1726 1823 vimque
1772 1722 2176 1800 intulerunt

176 1815 614 1918 tAEgyptiis‘3
668 1820 736 1894 is·
774 1820 971 1894 enim
1001 1816 1264 1894 dicitur
1315 1819 1627 1917 aliquem
1682 1818 2006 1918 spoliare,
2046 1822 2177 1920 qui
2247 1887 2258 1900 ..

180 1916 414 1995 alicui
440 1914 675 1994 invito
719 1914 1028 2015 aliquid,
1073 1914 1163 1989 ad
1214 1913 1450 2013 quod,
1485 1914 1774 1991 nullum
1818 1919 1886 1992 ei
1919 1918 2033 2013 jus
2076 1918 2180 1993 est

175 2012 529 2092 selie‘cum
547 2068 570 2099 ‚
617 2035 883 2112 magna
950 2033 1124 2090 cum
1151 2009 1499 2088 violentia
1550 2012 1627 2087 &
1652 2025 1917 2089 armata
1977 2012 2172 2113 quafi

193 2134 423 2188 manu
502 2108 813 2201 detrahit
862 2165 885 2196 ‚
952 2108 1028 2184 δε
1096 2129 1228 2207 per
1295 2106 1744 2209 consequens
1821 2133 1936 2187 ma
1994 2134 2175 2189 num
2221 2161 2236 2177 .

188 2206 721 2303 ‚commi-serunt
756 2219 1179 2307 peccatum.
1280 2203 1564 2282 Verum
1636 2204 1810 2283 huic
1870 2206 1943 2282 di
2025 2207 2179 2283 cul-

200 2307 331 2383 tati
368 2308 558 2385 varie
602 2330 675 2382 a·
703 2307 912 2380 variis
966 2304 1414 2390 occurritur,
1461 2301 1616 2390 sed,
1673 2317 1758 2383 ut
1791 2302 1972 2381 mihi
2016 2307 2178 2404 qui-

197 2401 372 2477 dem
398 2401 717 2489 videtur,
747 2425 903 2477 non
931 2399 1198 2476 eodem
1234 2397 1571 2499 spccess‘u⁹
1609 2398 1906 2477 illorum
1926 2415 2174 2485 tamen

193 2497 559 2597 sententiis
586 2495 1073 2578 examinandis
1098 2504 1388 2671 teffipus
1426 2511 1584 2573 non
1622 2510 1851 2574 teram
1902 2553 1924 2585 ,
1990 2500 2173 2596 quin

163 2597 352 2674 ,imo
398 2597 646 2695 potius
673 2593 839 2671 illos
897 2591 1027 2671 suo
1098 2593 1168 2669 se
1250 2619 1301 2670 u
1350 2592 1712 2672 abundare
1747 2593 1969 2670 facilis
2010 2619 2175 2692 per-

191 2693 499 2770 mittam.
598 2690 967 2773 Proferam
999 2690 1398 2778 dumtaxat,
1426 2689 1604 2791 quid
1641 2689 1836 2765 mihi¹
1856 2692 1933 2766 in
1970 2715 2176 2791 men..

189 2803 352 2867 tem
382 2789 682 2864 venerit.
782 2785 914 2864 Du
966 2786 1090 2864 lici
1145 2791 1415 2864 etenim
1468 2790 1581 2862 via
1627 2784 1799 2862 huic
1831 2787 2169 2888 scrupulo

188 2888 505 2972 occurri,
531 2887 735 2985 isque
772 2883 901 2963 sub
931 2886 1120 2965 evari
1163 2884 1422 2984 potest.
1476 2882 1646 2977 (ι.)
1672 2886 1889 2971 enim,
1912 2888 2171 2984 quibus

184 2981 491 3068 Arabica
518 2985 596 3065 in
645 2980 915 3058 deliciis
942 2980 1321 3068 habentur,
1357 2981 1744 3083 provocari
1795 2981 2031 3080 potest
2082 2982 2170 3059 ad

182 3079 512 3157 Arabum
545 3066 679 3156 ‘912
736 3101 898 3178 quae
925 3076 1130 3153 radix
1166 3078 1407 3172 docet,
1455 3078 1829 3177 propriam
1857 3078 1962 3144 τοῦ
2027 3076 2166 3156 ‘73³
2265 3118 2274 3125 ·

188 3177 664 3272 nativamque
705 3176 856 3270 ejus
877 3172 1480 3273 significationem
1522 3171 1740 3250 fitam·
1767 3171 1903 3250 effe
1930 3176 2006 3250 in
2036 3182 2173 3263 exi-

182 3272 410 3355 mendo
474 3267 972 3367 extrahendoque
991 3327 1011 3357 ‚
1069 3275 1274 3371 cujus
1310 3267 1847 3371 significationi-s
1881 3273 1959 3345 in
2006 3269 2171 3372 ipfis

183 3366 437 3445 Bibliis
518 3365 794 3449 exstant
857 3367 1150 3466 vestigia
1195 3369 1340 3446 vicl.
1397 3371 1498 3461 ffi
1536 3375 1839 3455 XXXIV.
1886 3380 1993 3453 18.
2051 3389 2187 3451 20.
2319 3335 2340 3341 “

184 3472 552 3543 LXXXVI.
603 3481 719 3565 13,
795 3460 1146 3541 Arabibus
1184 3468 1383 3542 enim
1421 3462 1567 3562 bn
1603 3461 1656 3545 fi
1710 3463 1955 3542 nificat
1996 3466 2172 3564 pro-

148 3565 347 3693 ..prie
395 3568 656 3656 exemia
699 3567 1024 3677 extraxit?
1061 3563 1143 3713 δι’
1184 3560 1554 3735 spfcgagm
1590 3586 1627 3638 a
1733 3562 1935 3639 ibent
1966 3565 2176 3758 {252
