2590 4326
365 132 530 232 380
1027 122 1193 229 θεῖ
1277 124 1427 233 )=(
1540 123 1764 232 Q*

361 306 782 385 hominibus
812 300 1123 382 ·¹officia.
1246 301 1609 380 Meditare
1664 301 2183 378 mortalitatem
2200 359 2220 388 ,
2276 304 2360 377 &c

362 402 678 479 studebis
717 400 1112 479 humilitati
1150 412 1368 499 atque
1413 402 1601 475 inter
1641 396 1982 497 obsequia
2021 401 2359 474 eminen-

361 497 636 592 tiffimae
684 502 903 576 etiam
944 497 1299 584 fortunae,
1410 510 1667 573 contra
1744 520 1968 595 quam
2020 492 2359 595 alioquin

363 595 708 675 nonsatis
747 610 954 673 cauta
992 592 1174 670 solet
1212 589 1351 670 effe
1395 592 1828 678 mortalitas,
1866 591 2073 667 facile
2102 593 2359 668 vinces

361 692 801 792 superbiam,
862 692 1210 770 invidum
1279 689 1715 770 Mortalium
1779 689 2140 801 plerisque
2198 713 2361 764 ma-

361 789 542 868 lum.
614 787 763 867 Aut
799 792 927 890 qui
968 788 1044 864 id
1091 786 1246 865 fieri
1275 785 1514 901 posset
1571 786 1834 863 aliter?
1892 782 2050 880 Qu
2082 785 2205 861 ille
2250 785 2356 861 al-

364 897 484 964 tos
522 883 757 998 posset
799 910 1049 986 gerere
1113 884 1419 984 Spiritus
1455 940 1476 971 ,
1515 886 1589 960 &
1622 882 1880 959 tollere
1905 882 2143 959 cristas
2168 939 2188 970 ,
2224 885 2355 983 qui

368 996 645 1082 cogitat
680 982 1062 1082 pulverem
1098 980 1168 1059 se
1228 980 1366 1059 effe
1418 984 1493 1057 δε
1543 982 1912 1074 umbram,
1957 978 2351 1068 hodieso-

367 1079 535 1167 sam,
574 1103 724 1156 cras
755 1082 1096 1165 cinerem,
1117 1103 1315 1157 nunc
1349 1082 1429 1154 in
1462 1078 1777 1155 Throno
1825 1134 1848 1165 ,
1875 1100 2059 1152 mox
2092 1078 2167 1150 in
2209 1074 2356 1154 Ca-

366 1176 572 1276 pulo.
673 1185 889 1275 ,Quum
907 1180 1042 1273 faex
1089 1175 1181 1263 δέ
1206 1183 1429 1275 fimus,
1474 1176 1643 1252 scite
1700 1176 1950 1250 dixere
2006 1175 2107 1271 pii
2149 1190 2355 1248 vete-

367 1295 479 1350 res
523 1330 545 1360 ,
605 1301 800 1370 quum
865 1301 964 1349 res
1013 1274 1365 1370 turpiffima
1413 1274 1596 1366 fimus
1638 1327 1659 1359 ,
1702 1273 1867 1345 unde
1904 1271 2292 1367 fitperbimus
2307 1275 2355 1343 ?

367 1371 685 1462 Nescimus
720 1373 968 1467 quando
1028 1379 1316 1466 perimus.
1420 1368 1577 1463 Qui
1620 1366 1741 1452 ille
1792 1366 1988 1443 elatis
2035 1364 2359 1466 superci-

366 1466 503 1553 liis,
550 1469 625 1543 &
676 1466 952 1544 aeacidis
1009 1469 1224 1543 minis
1273 1470 1669 1565 animisque
1709 1463 2030 1542 tumidus
2080 1466 2157 1540 ὃς
2214 1487 2345 1539 ex-

367 1563 608 1663 pletus
676 1563 1013 1642 incedere
1095 1578 1313 1665 queat
1342 1619 1363 1651 ,
1415 1564 1636 1660 cujus
1679 1564 1911 1639 menti
1942 1558 2350 1637 identidem

370 1658 784 1736 obversatur
816 1662 1008 1740 triste
1048 1659 1232 1737 illud
1306 1656 1823 1759 spestaculum,
1884 1658 2091 1758 quod
2166 1680 2354 1733 mox

371 1753 924 1854 adspicientibus
977 1757 1174 1833 dabit
1194 1814 1216 1844 ,
1264 1756 1561 1857 quando
1612 1780 1796 1832 mox
1844 1755 1981 1831 hos
2027 1752 2224 1854 ipsos
2268 1780 2357 1831 o-

370 1850 577 1929 culos
596 1909 618 1941 ‚
700 1850 858 1931 haec
905 1854 1050 1954 ipsa
1081 1851 1202 1932 sua
1238 1877 1366 1931 ora
1397 1910 1418 1940 ,
1498 1851 1700 1938 hunc
1754 1850 1988 1953 ipsum
2058 1851 2350 1927 vultum

369 1961 650 2032 vermes
711 1948 1059 2028 dentibus·
1082 1947 1222 2027 suis
1291 1949 1650 2027 vitiabunt
1695 1964 1914 2049 atque
1958 1947 2274 2025 exedent
2314 1946 2351 2021 ’ἶ

369 2042 528 2142 Qui
555 2045 678 2125 ille
700 2050 1041 2125 turritum
1078 2049 1436 2126 verticem
1453 2048 1755 2134 struere,
1828 2048 1902 2123 δι’
1940 2045 2221 2121 malaco
2266 2068 2350 2120 ac

366 2140 671 2222 lenonio
699 2170 907 2222 more
932 2147 1119 2222 intra
1157 2144 1518 2244 pectinem
1555 2141 1930 2244 speculum
1983 2167 2075 2220 ue
2134 2167 2352 2219 exor-
2377 2153 2402 2177 '·

370 2253 579 2317 natus
622 2243 696 2316 &
737 2243 1258 2330 calamistratus,-
1283 2241 1603 2319 Attalicis
1626 2242 1933 2328 vestibus
1987 2241 2348 2339 uperbire,

367 2358 453 2411 ac
492 2351 694 2414 totos
744 2362 1054 2436 corpore
1074 2336 1219 2415 xsuo
1257 2337 1506 2415 census
1535 2341 2065 2437 circumgerere
2082 2337 2352 2436 potest,

374 2433 578 2528 cujus
619 2437 943 2510 animum
969 2434 1331 2513 recordari
1367 2434 1584 2523 subit,
1625 2432 1751 2511 fibi
1788 2459 1970 2513 mox
2052 2457 2138 2509 ro
2168 2447 2349 2530 toga

365 2548 450 2604 ac
485 2531 656 2606 tiara
693 2530 854 2608 fore
916 2529 1148 2607 linum
1177 2531 1575 2615 emortuale
1607 2589 1628 2619 ,
1677 2533 1750 2608 &
1783 2531 1954 2608 loco
2038 2529 2357 2606 iadema-

368 2624 460 2698 tis
493 2624 1013 2726 sepulchralem
1071 2626 1389 2715 fasciam,
1446 2628 1678 2729 deque
1760 2627 1828 2707 se
1883 2628 2154 2704 dictum
2181 2629 2268 2702 iri
2324 2683 2347 2714 ,

352 2720 580 2812 subter
631 2743 696 2797 te
729 2729 1054 2816 sternetur
1101 2729 1331 2798 vemat}
1392 2725 1486 2813 ἓξ
1539 2734 1917 2822 operimenta
1976 2745 2092 2800 tua
2160 2744 2352 2799 erunt

367 2818 672 2895 lumbrici.
705 2818 928 2992 {Jefai
966 2817 1174 2900 XIV.
1209 2844 1239 2894 1
1260 2844 1320 2897 1.
1422 2821 1578 2914 Qui
1617 2821 1759 2908 ille,
1782 2836 1946 2900 utut
1965 2825 2183 2900 etiam
2223 2845 2351 2896 ve-

367 2916 535 2990 teris
562 2913 705 2994 Pro
735 2921 910 3017 apiae
955 2919 1028 2994 &
1064 2918 1456 2996 multarum
1490 2921 1892 3018 imaginum
1918 2917 2352 3007 homo,lon-

369 3022 471 3122 go
522 3010 651 3090 suo
685 3013 803 3091 san
916 3016 933 3032 ’
991 3038 1029 3095 e
1076 3016 1151 3091 ἆ
1179 3014 1327 3093 alto
1374 3016 1777 3102 stemmate,
1830 3015 2033 3127 pictis
2095 3041 2140 3090 u
2196 3038 2351 3090 ma-

366 3130 610 3204 jorum
654 3038 993 3198 vult&
1048 3112 1123 3188 δε
1171 3113 1512 3189 stantibus
1560 3113 1636 3187 in
1670 3113 1995 3188 curribus
2121 3110 2354 3223 milia-

366 3207 479 3280 nis
507 3262 529 3292 ‚
583 3208 658 3284 ὃς
683 3206 919 3287 Curiis
958 3210 1104 3304 jam
1147 3208 1482 3293 dimidiis,
1534 3222 1885 3296 tumeret,
1928 3213 2056 3311 qui
2090 3232 2353 3287 menu-

365 3303 476 3377 nit
494 3359 516 3390 ,
562 3301 631 3379 se
676 3307 862 3382 inter
904 3306 1168 3381 stercus
1212 3318 1456 3382 tamen
1491 3306 1566 3382 &
1611 3307 1889 3382 urinam
1928 3322 2219 3395 natum,
2273 3305 2351 3380 &

368 3421 462 3472 ex
508 3399 670 3477 luto
722 3403 795 3477 δε
845 3400 1092 3502 argilla
1127 3398 1376 3478 fidium
1407 3459 1428 3489 ,
1481 3425 1573 3480 ex
1620 3405 1865 3501 capaci
1913 3403 2036 3482 illa
2061 3403 2355 3504 generis

365 3496 608 3572 tabula
655 3495 790 3575 effe
806 3555 828 3587 ‚
875 3521 1034 3599 quae
1073 3522 1247 3575 cum
1279 3496 1482 3599 Jobo
1524 3499 1613 3575 ad
1664 3499 2127 3599 sepulchrum
2175 3503 2271 3578 ait
2323 3552 2350 3584 2

365 3614 402 3662 ο
444 3601 699 3689 genitor
734 3604 864 3683 mi,
911 3597 986 3673 &
1016 3595 1107 3675 ad
1143 3595 1584 3679 vermiculos
1599 3654 1624 3684 ,
1669 3608 1727 3683 D
1756 3607 2045 3697 genitrix
2077 3595 2350 3789 ²217&

2197 3722 2350 3771 ονο-
