2590 4326
896 116 1248 223 aaz(
1352 123 1503 230 Ue
2123 152 2230 234 ἰ

219 306 601 412 reperies.
712 303 883 380 Sint
927 301 1061 399 qui
1104 292 1420 380 α’ξιᾶπιςω
1446 351 1466 382 .-
1511 310 1645 403 qui
1684 302 2230 389 ποὶλῶν-οἰντᾶξιω

226 407 465 481 amm,
506 417 682 476 tam
724 400 955 499 probi
990 416 1074 472 ut
1110 422 1269 476 nun
1331 422 1511 476 uam
1545 407 2030 488 mentiantur,
2066 430 2227 487 tam

231 515 426 593 vero
449 518 633 572 non
668 493 837 570 sunt
862 516 1140 572 omnes
1173 498 1255 573 &
1305 519 1567 595 emper
1601 499 2031 598 prudentes,
2063 524 2149 583 ut
2179 530 2229 585 a

238 592 465 669 nullis
515 606 876 686 unquam
907 591 1347 669 rumoribus
1370 593 1975 697 coniesturisque
2011 603 2223 679 vanis

233 689 549 793 imponi
589 687 732 767 fibi
767 684 1030 763 sinant.
1103 688 1262 770 Sub
1294 709 1572 766 eorum
1618 713 1904 774 autem.
1941 701 2077 792 qui
2117 692 2226 771 ἅν,-

233 778 518 870 θςωκας“
548 780 692 849 ἀντὶ
726 779 1057 886 &nemetim
1094 785 1692 884 imperitioribus
1712 840 1734 873 ‚
1785 788 2226 871 fabularum

223 878 497 958 furnos
541 879 880 958 credulis
913 882 1284 967 vendunt,
1304 883 1523 959 mole
1551 886 1888 961 mundus
1921 907 2224 965 tanturn

219 998 390 1052 non
426 975 743 1054 fatiscit.
881 970 1087 1053 Hinc
1123 996 1285 1054 non
1336 976 1655 1074 quidem
1689 981 1789 1057 de
1823 979 2161 1062 Historia
2191 1038 2218 1066 .

215 1094 464 1170 quam
498 1073 775 1149 nullus
810 1070 1267 1149 velMonms
1303 1069 1895 1155 velAristarchus
1917 1102 2222 1182 carpere

209 1188 348 1245 aut
381 1169 867 1247 admordere
895 1167 1083 1245 ausit
1114 1219 1132 1249 ‚
1161 1167 1286 1246 sed
1324 1169 1423 1246 de
1452 1167 1843 1252 Historicis
1877 1194 1996 1252 tot
2032 1200 2219 1275 que·

143 1296 146 1301 ·
205 1267 398 1341 rulae
434 1261 914 1343 Mortalium
953 1284 1218 1345 voces.
1364 1264 1527 1345 Nifi
1566 1261 1872 1346 ἱπιςόμιον
1916 1275 2037 1348 ori
2071 1297 2216 1352 no-

208 1356 373 1440 stro
411 1361 724 1439 exordii
752 1357 955 1459 leges
1008 1362 1438 1448 injicerent,
1495 1367 1850 1448 Aventini,
1896 1370 2213 1451 Baronii,

207 1459 571 1554 Agrippa,
614 1455 1013 1562 Bpxhornii,
1063 1458 1395 1537 aliorum
1422 1460 1651 1541 verba
1684 1466 2108 1542 recitarem.

1112 1633 1181 1719 ὃ.
1215 1633 1338 1712 111.

361 1759 546 1837 Nec
577 1758 664 1833 in
708 1755 935 1835 rebus
963 1751 1319 1833 duntaxat
1358 1750 1758 1841 humanis,
1796 1778 1966 1855 quae
2014 1778 2208 1835 non·

200 1849 347 1929 nifi
392 1853 746 1932 humana
772 1900 799 1937 ‚
851 1855 978 1928 cui
1012 1851 1281 1929 falsum
1334 1851 1611 1929 subesse
1646 1853 1866 1931 facile
1903 1847 2205 1952 potest»

196 1943 367 2028 fide
402 1952 760 2026 nituntur
777 1999 803 2034 ‚
800 1966 990 2122 ἐξω
1029 1947 1276 2026 lubitu
1302 1946 1483 2048 saepe
1512 1948 1807 2031 ludunt,
1841 1944 2207 2050 sacrilegis

195 2045 583 2122 manibus
644 2067 795 2123 cun
873 2068 917 2121 a
959 2042 1380 2122 dilacerant
1425 2042 1499 2118 δι
1549 2043 2028 2145 discerpunt,
2081 2046 2205 2124 ted

196 2137 555 2217 scelestis
592 2143 814 2218 etiam
849 2143 1231 2247 unguibus
1268 2139 1351 2215 in
1380 2161 1466 2215 ea
1508 2138 1883 2219 involant.
1913 2163 2079 2237 quae
2105 2142 2204 2217 flu.-

163 2259 356 2314 ..cer
433 2235 795 2314 sacrarum
843 2239 1273 2320 Literarum
1324 2255 1724 2314 contextus
1776 2256 1977 2312 extra
2030 2257 2205 2313 om-

191 2354 422 2416 nem
452 2332 836 2416 dubitandi
871 2335 1116 2410 aleam
1161 2335 1404 2428 ponit.
1529 2331 1768 2427 Qod
1817 2357 1914 2414 ne
1945 2330 2203 2412 dixiffe

184 2427 471 2525 magis
497 2453 731 2529 quam
761 2425 1103 2530 probasse
1144 2428 1424 2513 videar,
1464 2452 1707 2505 unum
1749 2423 1859 2492 διαὶ
1893 2422 2200 2520 βραχέων

195 2526 323 2604 ob
384 2527 676 2626 oculos
719 2523 1045 2625 posuisse-
1069 2548 1288 2603 exem
1348 2528 1510 2604 lum
1544 2524 1879 2604 sufficiat.
2031 2527 2196 2606 Tri.-

193 2616 614 2697 stiffimam
654 2624 1017 2702 omnium
1059 2620 1258 2697 suavi
1320 2644 1714 2721 imamque
1761 2623 2197 2701 Dominicae

195 2713 585 2799 Paffionis
620 2714 1016 2795 historiam
1052 2766 1075 2802 ,
1146 2713 1344 2814 stylo
1385 2718 1458 2794 ἀ
1490 2714 1632 2795 filo
1667 2720 1982 2818 Spiritus
2013 2722 2194 2797 San·

203 2811 310 2892 sti
348 2816 437 2890 in
495 2812 691 2892 saera
730 2814 1001 2912 Pagina
1046 2834 1207 2889 non
1238 2833 1411 2891 tam
1455 2814 1908 2891 delineatam
1950 2838 2193 2914 quam

202 2911 409 2988 vivis
447 2909 862 3009 expreffam
909 2907 1283 3007 habemus
1326 2912 1747 2989 coloribus.
1889 2911 2192 2990 Contra

210 3002 412 3083 hane
443 3029 708 3086 autem
730 3007 1194 3104 Evangelicae
1209 3005 1558 3084 Historiae
1593 3009 2015 3089 veritatem,
2052 3009 2190 3084 ho·

212 3104 465 3183 mines
535 3101 839 3203 profani
924 3102 1306 3186 horrenda
1368 3105 1762 3180 mendacia
1834 3101 2188 3185 effutiunt

220 3202 445 3298 magis
474 3217 723 3311 quam
752 3192 1178 3281 effundunt.
1238 3199 1399 3278 Alii
1429 3204 1563 3298 qui
1599 3198 2187 3296 Phi¹ologorum

218 3300 530 3374 nomine
569 3293 1008 3399 superbiunt
1055 3345 1077 3379 ‚
1140 3296 1450 3374 ventosa
1494 3297 1673 3396 saepe
1721 3298 1961 3374 animi
2009 3295 2186 3372 levi·-

220 3406 354 3480 ωε
383 3394 604 3478 dusti
637 3446 660 3475 ,
727 3412 922 3471 vana
960 3390 1206 3486 gloria
1246 3415 1336 3468 ac
1381 3394 1812 3473 ambitione
1856 3389 2181 3473 tumidi,

218 3491 479 3573 cerebri
562 3493 682 3569 sui
743 3484 979 3568 idola.
1027 3489 1189 3601 aliis
1245 3488 1640 3568 adoranda
1708 3504 2178 3603 proponunt.

215 3585 340 3679 Alii
393 3591 511 3706 pii
568 3608 848 3676 caeteta
910 3584 1077 3665 Vin
1104 3631 1131 3673 2
1212 3604 1300 3672 nt
1360 3586 1606 3672 verbis
1655 3605 1818 3669 utar
1865 3587 2132 3665 Baronu'
2156 3633 2180 3667 ‚

267 3711 272 3720 ‘
1105 3743 1112 3748 ·
1416 3723 1419 3728 ’
1916 3696 2063 3783 (τ)
2091 3718 2182 3776 ex
