2590 4326
330 59 502 189 -23'8
1030 96 1170 203 ve
1226 94 1373 199 )=<
1430 94 1569 202 ἐκ

326 273 627 376 ,ίὶοῐοεη
672 296 755 354 ut
782 277 1043 356 idiotae
1086 277 1368 356 fuerint
1413 280 1491 356 ὅ(
1526 279 1857 379 plebeii,
1891 279 2335 383 piscatores.

344 390 594 463 nauta:
621 373 697 447 ὅ(
742 377 1153 467 portitores
1183 428 1207 456 ‚
1246 399 1412 452 non
1464 383 1693 456 aliam
1755 397 2017 471 praeter
2067 398 2334 454 verna-

339 470 598 546 culam
637 467 1140 548 Galilaeorum
1178 472 1860 571 novule-linguam.
1896 494 2039 551 nec
2066 471 2335 551 ablatis

339 565 622 662 linguis
666 566 808 642 alia
848 570 1172 663 potuisse
1220 571 1377 652 uti,
1453 570 1895 656 interpretes
1948 572 2133 645 item
2191 563 2335 648 suis

341 661 427 736 in
499 665 1238 763 peregrinationibus
1330 663 1743 745 adhibuisse
1778 719 1800 747 ‚
1899 666 2330 745 contendit.

344 757 955 837 vetumeadem
995 761 1152 837 boc
1187 784 1343 860 qua
1381 761 1717 840 afferitut
1763 761 2122 838 facilitate
2173 762 2334 853 rcii-
2418 812 2424 818 -

344 858 570 940 citur,
607 877 698 931 ac
720 855 1024 934 Petrum
1068 858 1345 936 Marco
1375 858 1851 936 Amanuenfi
1886 857 2086 936 forte
2112 859 2337 937 usum

343 947 557 1030 fuiffe
592 1001 614 1033 ‚
647 944 787 1029 illo
818 956 1222 1056 interprete
1256 976 1427 1034 non
1459 955 1859 1058 indiguiffe
1881 1004 1907 1045 ‚
1946 955 2338 1036 cordatio-

346 1067 462 1127 res
491 1046 917 1171 observant.

1172 1197 1462 1315 §.x-

456 1366 649 1448 JSed
685 1375 890 1450 enirn
926 1372 1316 1467 quosdam
1349 1371 1565 1450 hunc
1626 1373 1857 1450 tacite
1900 1367 2343 1471 scrupulum

345 1484 760 1546 moventes
811 1471 1071 1547 audire
1124 1468 1420 1549 videor.
1577 1467 2032 1566 Qomodo
2090 1490 2345 1566 quave

349 1566 651 1644 ratione
685 1564 988 1643 diversis
1034 1588 1184 1643 una
1214 1566 1549 1644 dialectis
1642 1572 1834 1646 lutes
1883 1565 2107 1643 simul
2149 1568 2346 1647 allo-

346 1663 484 1754 qui
520 1665 691 1759 quis
783 1684 954 1741 ucat
1005 1665 1039 1739 ἐ
1141 1663 1440 1758 Qidni
1494 1685 1588 1739 ve
1679 1660 1919 1742 Paulo
1965 1663 2217 1752 iudice
2279 1688 2342 1741 ι.

349 1756 548 1837 Cor.
593 1759 699 1840 XI
781 1813 800 1832 .
852 1786 968 1846 23.
1053 1764 1272 1839 variis
1341 1758 1728 1839 confufim
1781 1759 2057 1858 linguis
2112 1760 2353 1838 verba

353 1851 719 1934 facientes
769 1860 1091 1937 insanire
1127 1859 1286 1949 jure
1357 1857 1627 1933 dixeris
1683 1859 1711 1931 ἒ
1771 1851 2009 1939 Ἕως,
2053 1853 2200 1926 ἵκεις
2251 1853 2350 1927 ἴςε

349 1943 646 2028 βέβηλοι.
779 1956 975 2033 Νοιι
1024 1953 1235 2033 idem
1289 1950 1418 2028 hic
1479 1953 1869 2051 eontigiffe
1932 1952 2345 2040 dicemus,

349 2049 575 2145 quod
623 2047 723 2128 de
773 2050 1029 2129 Insula:
1076 2050 1472 2139 cuiusdam
1540 2047 1778 2130 felicis
1828 2049 2287 2129 hominibus
2320 2099 2347 2136 ‚

322 2146 488 2244 'qui
520 2147 861 2248 linguam
889 2199 914 2234 ‚
954 2171 1124 2248 quae
1163 2148 1511 2226 inferiori
1557 2145 1914 2227 scinditur
1953 2166 2209 2243 parte,
2262 2165 2350 2227 ut

346 2243 450 2320 ab
485 2243 740 2324 radice
775 2246 1054 2346 duplex
1094 2243 1239 2322 effe
1290 2239 1693 2330 videatur,
1746 2244 2063 2329 divisam
2118 2243 2355 2323 habe·
2461 2312 2466 2313 γ

349 2358 516 2419 ant,
563 2362 731 2418 non
767 2361 1072 2419 tantum
1100 2341 1178 2418 ὅ(
1209 2346 1586 2423 humanas
1618 2363 1857 2418 voces
1894 2342 2351 2442 exprimant,

349 2436 434 2513 ἀ
481 2436 939 2515 diversarum
992 2439 1266 2514 itidem
1315 2439 1578 2515 avium
1626 2459 1943 2514 cantum
1992 2433 2291 2535 fingant
2326 2489 2354 2524 ,

348 2531 479 2610 sed
527 2555 710 2609 cum
781 2530 1095 2611 duobus
1143 2553 1464 2634 quoque
1517 2529 1971 2613 hominibus
2016 2532 2354 2632 perfecte

347 2625 584 2709 fimuf
625 2628 1163 2724 respondendo
1246 2630 1327 2706 &
1402 2630 1863 2728 disputando
1925 2629 2338 2711 differant.

349 2726 713 2803 nonnulli
746 2725 1181 2805 fabulantur
1228 2719 1397 2812 (m)
1430 2779 1448 2800 .
1505 2788 1510 2803 ,
1554 2726 1746 2805 Non
1775 2748 1862 2804 ea
1891 2778 1917 2808 ‚
1980 2729 2351 2825 inquam·

308 2828 309 2831 ‘
350 2819 584 2899 nobis
613 2819 722 2900 est
757 2845 1020 2905 mens,
1076 2840 1160 2901 ut
1190 2844 1437 2901 unum
1486 2824 1981 2921 eundemque
2011 2820 2356 2922 Aposto-
2461 2892 2464 2895 ,

351 2917 566 3000 lum,
605 2939 769 2995 uno
825 2917 1272 3017 eodemque
1320 2923 1692 3020 temporis
1761 2938 2183 2995 momento
2237 2920 2354 2999 di-

292 3088 299 3093 ,
353 3012 577 3092 verfis
612 3013 969 3093 locutum
1007 3011 1152 3092 effe
1202 3017 1477 3114 linguis
1517 3013 1944 3094 afferamus,
1985 3016 2204 3116 quod
2244 3015 2355 3095 fa-

354 3110 483 3191 &u
520 3106 628 3189 est
659 3108 1167 3214 Impoffibile‚
1203 3109 1325 3187 sed
1374 3114 1561 3207 quin
1618 3109 1887 3212 singuli
1923 3106 2290 3217 Apostoli
2321 3120 2354 3199 ’,

312 3272 313 3277 l
355 3207 656 3287 diverso
705 3227 860 3289 tem
921 3210 1079 3285 otis
1130 3208 1502 3290 articulo,
1540 3205 1843 3286 divetfis
1873 3206 1979 3287 ufi
2016 3206 2158 3285 sint
2199 3210 2346 3287 lin-

355 3303 787 3403 guis‚‚nulli
886 3302 1298 3383 ubitamus.
1401 3304 1699 3405 Qidni
1731 3305 1991 3385 Petrus
2022 3300 2358 3479 Astagus

2060 3424 2181 3483 „na
2269 3423 2358 3479 us

456 3650 631 3747 (m)
656 3659 806 3735 Vid.
844 3661 1113 3755 Gefizen'
1146 3657 1641 3739 Mithridatem.
1667 3685 1822 3774 pag.
1856 3658 1930 3745 22
1973 3728 1974 3731 l
2101 3768 2106 3771 ,
