<?xml version="1.0" encoding="UTF-8"?>
<!DOCTYPE html PUBLIC "-//W3C//DTD XHTML 1.0 Transitional//EN"
    "http://www.w3.org/TR/xhtml1/DTD/xhtml1-transitional.dtd">
<html xmlns="http://www.w3.org/1999/xhtml" xml:lang="en" lang="en">
 <head>
  <title>
</title>
<meta http-equiv="Content-Type" content="text/html;charset=utf-8" />
  <meta name='ocr-system' content='tesseract 3.04.00' />
  <meta name='ocr-capabilities' content='ocr_page ocr_carea ocr_par ocr_line ocrx_word'/>
</head>
<body>
  <div class='ocr_page' id='page_1' title='image "./saturadissertat00unkngoog_0064.png"; bbox 0 0 2590 4326; ppageno 0'>
   <div class='ocr_carea' id='block_1_1' title="bbox 420 97 1651 234">
    <p class='ocr_par' dir='ltr' id='par_1_1' title="bbox 420 67 1722 240">
     <span class='ocr_line' id='line_1_1' title="bbox 420 97 1651 234; baseline -0.003 -1"><span class='ocrx_word' id='word_1_1' title='bbox 420 150 526 234; x_wconf 84' lang='lat'>54</span> <span class='ocrx_word' id='word_1_2' title='bbox 1045 121 1190 227; x_wconf 62' lang='lat' dir='ltr'>at</span> <span class='ocrx_word' id='word_1_3' title='bbox 1291 122 1403 227; x_wconf 59' lang='lat' dir='ltr'>&gt;xc</span> <span class='ocrx_word' id='word_1_4' title='bbox 1494 97 1651 229; x_wconf 65' lang='lat' dir='ltr'>&#39;ve</span> 
     </span>
    </p>
   </div>
   <div class='ocr_carea' id='block_1_2' title="bbox 363 301 2429 3797">
    <p class='ocr_par' dir='ltr' id='par_1_2' title="bbox 412 301 2408 486">
     <span class='ocr_line' id='line_1_2' title="bbox 417 301 2408 409; baseline 0 -22"><span class='ocrx_word' id='word_1_5' title='bbox 417 330 507 389; x_wconf 87' lang='lat' dir='ltr'>to</span> <span class='ocrx_word' id='word_1_6' title='bbox 545 330 730 386; x_wconf 88' lang='lat' dir='ltr'>com</span> <span class='ocrx_word' id='word_1_7' title='bbox 791 311 1048 388; x_wconf 60' lang='lat' dir='ltr'>riman</span> <span class='ocrx_word' id='word_1_8' title='bbox 1097 306 1353 383; x_wconf 90' lang='lat' dir='ltr'>minus</span> <span class='ocrx_word' id='word_1_9' title='bbox 1396 308 1685 384; x_wconf 82' lang='lat' dir='ltr'>annulo</span> <span class='ocrx_word' id='word_1_10' title='bbox 1716 304 2066 407; x_wconf 86' lang='lat' dir='ltr'>obfignet</span> <span class='ocrx_word' id='word_1_11' title='bbox 2105 358 2127 393; x_wconf 91' lang='lat'><strong><em>‚</em></strong></span> <span class='ocrx_word' id='word_1_12' title='bbox 2167 301 2408 409; x_wconf 69' lang='lat' dir='ltr'>quod‘</span> 
     </span>
     <span class='ocr_line' id='line_1_3' title="bbox 412 400 2382 486; baseline -0.002 0"><span class='ocrx_word' id='word_1_13' title='bbox 412 409 533 486; x_wconf 90' lang='lat' dir='ltr'>He</span> <span class='ocrx_word' id='word_1_14' title='bbox 583 408 702 482; x_wconf 81' lang='lat' dir='ltr'>hae</span> <span class='ocrx_word' id='word_1_15' title='bbox 766 407 932 484; x_wconf 90' lang='lat' dir='ltr'>ioni</span> <span class='ocrx_word' id='word_1_16' title='bbox 962 404 1057 480; x_wconf 86' lang='lat' dir='ltr'>ab</span> <span class='ocrx_word' id='word_1_17' title='bbox 1095 402 1534 481; x_wconf 79' lang='lat' dir='ltr'>Alexandro</span> <span class='ocrx_word' id='word_1_18' title='bbox 1570 400 1849 481; x_wconf 56' lang='lat' dir='ltr'>fadum</span> <span class='ocrx_word' id='word_1_19' title='bbox 1877 403 2101 481; x_wconf 82' lang='lat' dir='ltr'>refert</span> <span class='ocrx_word' id='word_1_20' title='bbox 2138 427 2382 482; x_wconf 80' lang='lat' dir='ltr'>amoe-</span> 
     </span>
    </p>

    <p class='ocr_par' dir='ltr' id='par_1_3' title="bbox 418 499 2386 600">
     <span class='ocr_line' id='line_1_4' title="bbox 418 499 2386 600; baseline -0.001 -19"><span class='ocrx_word' id='word_1_21' title='bbox 418 508 497 581; x_wconf 89' lang='lat' dir='ltr'>ni</span> <span class='ocrx_word' id='word_1_22' title='bbox 557 526 756 581; x_wconf 89' lang='lat' dir='ltr'>1mus</span> <span class='ocrx_word' id='word_1_23' title='bbox 797 499 1109 600; x_wconf 77' lang='lat' dir='ltr'>scriptor</span> <span class='ocrx_word' id='word_1_24' title='bbox 1148 501 1454 584; x_wconf 77' lang='lat' dir='ltr'>Curtius,</span> <span class='ocrx_word' id='word_1_25' title='bbox 1497 502 1577 575; x_wconf 89' lang='lat' dir='ltr'>in</span> <span class='ocrx_word' id='word_1_26' title='bbox 1621 499 1852 600; x_wconf 85' lang='lat' dir='ltr'>ipsam</span> <span class='ocrx_word' id='word_1_27' title='bbox 1881 499 2191 579; x_wconf 87' lang='lat' dir='ltr'>dicendi</span> <span class='ocrx_word' id='word_1_28' title='bbox 2217 523 2386 600; x_wconf 88' lang='lat' dir='ltr'>pro·</span> 
     </span>
    </p>

    <p class='ocr_par' dir='ltr' id='par_1_4' title="bbox 418 593 2390 696">
     <span class='ocr_line' id='line_1_5' title="bbox 418 593 2390 696; baseline 0 -20"><span class='ocrx_word' id='word_1_29' title='bbox 418 601 757 677; x_wconf 82' lang='lat' dir='ltr'>vinciam</span> <span class='ocrx_word' id='word_1_30' title='bbox 791 598 1201 696; x_wconf 85' lang='lat' dir='ltr'>ingredior.</span> <span class='ocrx_word' id='word_1_31' title='bbox 1318 595 1408 671; x_wconf 88' lang='lat' dir='ltr'>Et</span> <span class='ocrx_word' id='word_1_32' title='bbox 1449 616 1629 671; x_wconf 85' lang='lat' dir='ltr'>ecce</span> <span class='ocrx_word' id='word_1_33' title='bbox 1660 593 1986 673; x_wconf 91' lang='lat' dir='ltr'>obvium</span> <span class='ocrx_word' id='word_1_34' title='bbox 2033 594 2206 676; x_wconf 88' lang='lat' dir='ltr'>heic</span> <span class='ocrx_word' id='word_1_35' title='bbox 2248 598 2390 676; x_wconf 87' lang='lat' dir='ltr'>mi·</span> 
     </span>
    </p>

    <p class='ocr_par' dir='ltr' id='par_1_5' title="bbox 418 689 2387 798">
     <span class='ocr_line' id='line_1_6' title="bbox 418 689 2387 798; baseline -0.003 -25"><span class='ocrx_word' id='word_1_36' title='bbox 418 693 501 773; x_wconf 80' lang='lat' dir='ltr'>hi</span> <span class='ocrx_word' id='word_1_37' title='bbox 564 693 1077 798; x_wconf 64' lang='lat' dir='ltr'>spectaculum</span> <span class='ocrx_word' id='word_1_38' title='bbox 1124 708 1299 771; x_wconf 84' lang='lat' dir='ltr'>toto</span> <span class='ocrx_word' id='word_1_39' title='bbox 1342 689 1538 768; x_wconf 89' lang='lat' dir='ltr'>orbe</span> <span class='ocrx_word' id='word_1_40' title='bbox 1577 693 2126 792; x_wconf 80' lang='lat' dir='ltr'>pulcerrimum</span> <span class='ocrx_word' id='word_1_41' title='bbox 2154 744 2182 778; x_wconf 88' lang='lat'>,</span> <span class='ocrx_word' id='word_1_42' title='bbox 2228 696 2387 768; x_wconf 78' lang='lat' dir='ltr'>Pri-</span> 
     </span>
    </p>

    <p class='ocr_par' dir='ltr' id='par_1_6' title="bbox 417 788 2391 904">
     <span class='ocr_line' id='line_1_7' title="bbox 417 788 2391 904; baseline 0.001 -37"><span class='ocrx_word' id='word_1_43' title='bbox 417 793 809 884; x_wconf 80' lang='lat' dir='ltr'>mogenitum</span> <span class='ocrx_word' id='word_1_44' title='bbox 840 791 1052 904; x_wconf 80' lang='lat' dir='ltr'>supra</span> <span class='ocrx_word' id='word_1_45' title='bbox 1091 809 1368 866; x_wconf 83' lang='lat' dir='ltr'>omnes</span> <span class='ocrx_word' id='word_1_46' title='bbox 1408 788 1601 866; x_wconf 83' lang='lat' dir='ltr'>aiios</span> <span class='ocrx_word' id='word_1_47' title='bbox 1637 790 2004 861; x_wconf 77' lang='lat' dir='ltr'>eximium!</span> <span class='ocrx_word' id='word_1_48' title='bbox 2048 791 2391 868; x_wconf 85' lang='lat' dir='ltr'>Eximios</span> 
     </span>
    </p>

    <p class='ocr_par' dir='ltr' id='par_1_7' title="bbox 416 883 2391 985">
     <span class='ocr_line' id='line_1_8' title="bbox 416 883 2391 985; baseline -0.003 -20"><span class='ocrx_word' id='word_1_49' title='bbox 416 893 627 965; x_wconf 85' lang='lat' dir='ltr'>enim</span> <span class='ocrx_word' id='word_1_50' title='bbox 649 889 801 978; x_wconf 87' lang='lat' dir='ltr'>jam</span> <span class='ocrx_word' id='word_1_51' title='bbox 840 887 1034 964; x_wconf 73' lang='lat' dir='ltr'>olim</span> <span class='ocrx_word' id='word_1_52' title='bbox 1069 888 1144 963; x_wconf 90' lang='lat' dir='ltr'>in</span> <span class='ocrx_word' id='word_1_53' title='bbox 1167 884 1496 965; x_wconf 79' lang='lat' dir='ltr'>Ecclesia</span> <span class='ocrx_word' id='word_1_54' title='bbox 1520 883 2124 964; x_wconf 78' lang='lat' dir='ltr'>Patriareharum</span> <span class='ocrx_word' id='word_1_55' title='bbox 2145 890 2391 985; x_wconf 78' lang='lat' dir='ltr'>primo-</span> 
     </span>
    </p>

    <p class='ocr_par' dir='ltr' id='par_1_8' title="bbox 407 981 2403 1180">
     <span class='ocr_line' id='line_1_9' title="bbox 407 981 2403 1085; baseline 0.004 -28"><span class='ocrx_word' id='word_1_56' title='bbox 407 988 667 1082; x_wconf 79' lang='lat' dir='ltr'>genitos</span> <span class='ocrx_word' id='word_1_57' title='bbox 718 1004 993 1061; x_wconf 91' lang='lat' dir='ltr'>omnes</span> <span class='ocrx_word' id='word_1_58' title='bbox 1058 981 1311 1065; x_wconf 70' lang='lat' dir='ltr'>fuine,</span> <span class='ocrx_word' id='word_1_59' title='bbox 1361 997 1757 1082; x_wconf 85' lang='lat' dir='ltr'>quotquot</span> <span class='ocrx_word' id='word_1_60' title='bbox 1806 984 2034 1085; x_wconf 85' lang='lat' dir='ltr'>primi</span> <span class='ocrx_word' id='word_1_61' title='bbox 2082 1006 2124 1058; x_wconf 88' lang='lat' dir='ltr'>e</span> <span class='ocrx_word' id='word_1_62' title='bbox 2163 982 2403 1085; x_wconf 75' lang='lat' dir='ltr'>bulga.</span> 
     </span>
     <span class='ocr_line' id='line_1_10' title="bbox 418 1077 2393 1180; baseline 0 -24"><span class='ocrx_word' id='word_1_63' title='bbox 418 1081 719 1161; x_wconf 79' lang='lat' dir='ltr'>matris,</span> <span class='ocrx_word' id='word_1_64' title='bbox 755 1080 1013 1155; x_wconf 83' lang='lat' dir='ltr'>immo</span> <span class='ocrx_word' id='word_1_65' title='bbox 1061 1100 1153 1155; x_wconf 85' lang='lat' dir='ltr'>ex</span> <span class='ocrx_word' id='word_1_66' title='bbox 1204 1079 1880 1178; x_wconf 80' lang='lat' dir='ltr'>utroquepa&#39;rente</span> <span class='ocrx_word' id='word_1_67' title='bbox 1920 1080 1998 1155; x_wconf 91' lang='lat' dir='ltr'>in</span> <span class='ocrx_word' id='word_1_68' title='bbox 2034 1077 2393 1180; x_wconf 88' lang='lat' dir='ltr'>legitimo</span> 
     </span>
    </p>

    <p class='ocr_par' dir='ltr' id='par_1_9' title="bbox 414 1171 2394 1274">
     <span class='ocr_line' id='line_1_11' title="bbox 414 1171 2394 1274; baseline 0.004 -22"><span class='ocrx_word' id='word_1_69' title='bbox 414 1194 601 1252; x_wconf 84' lang='lat' dir='ltr'>toto</span> <span class='ocrx_word' id='word_1_70' title='bbox 651 1193 862 1251; x_wconf 86' lang='lat' dir='ltr'>erant</span> <span class='ocrx_word' id='word_1_71' title='bbox 894 1174 1325 1274; x_wconf 81' lang='lat' dir='ltr'>progeniti,</span> <span class='ocrx_word' id='word_1_72' title='bbox 1371 1171 1605 1249; x_wconf 90' lang='lat' dir='ltr'>nostis</span> <span class='ocrx_word' id='word_1_73' title='bbox 1655 1174 2003 1253; x_wconf 77' lang='lat' dir='ltr'>universi.</span> <span class='ocrx_word' id='word_1_74' title='bbox 2157 1173 2336 1254; x_wconf 78' lang='lat' dir='ltr'>Vah</span> <span class='ocrx_word' id='word_1_75' title='bbox 2368 1224 2394 1259; x_wconf 72' lang='lat'><em>2</em></span> 
     </span>
    </p>

    <p class='ocr_par' dir='ltr' id='par_1_10' title="bbox 417 1267 2413 1582">
     <span class='ocr_line' id='line_1_12' title="bbox 418 1267 2400 1373; baseline 0.001 -26"><span class='ocrx_word' id='word_1_76' title='bbox 418 1293 659 1371; x_wconf 81' lang='lat' dir='ltr'>quam</span> <span class='ocrx_word' id='word_1_77' title='bbox 716 1270 1061 1368; x_wconf 83' lang='lat' dir='ltr'>flagranti</span> <span class='ocrx_word' id='word_1_78' title='bbox 1114 1267 1463 1349; x_wconf 81' lang='lat' dir='ltr'>Israelem</span> <span class='ocrx_word' id='word_1_79' title='bbox 1496 1267 1680 1347; x_wconf 86' lang='lat' dir='ltr'>hinc</span> <span class='ocrx_word' id='word_1_80' title='bbox 1716 1270 1892 1357; x_wconf 82' lang='lat' dir='ltr'>iuris</span> <span class='ocrx_word' id='word_1_81' title='bbox 1937 1291 2217 1350; x_wconf 85' lang='lat' dir='ltr'>eorum</span> <span class='ocrx_word' id='word_1_82' title='bbox 2256 1294 2400 1373; x_wconf 88' lang='lat' dir='ltr'>po·</span> 
     </span>
     <span class='ocr_line' id='line_1_13' title="bbox 417 1361 2413 1465; baseline 0.001 -21"><span class='ocrx_word' id='word_1_83' title='bbox 417 1366 666 1444; x_wconf 86' lang='lat' dir='ltr'>tiundi</span> <span class='ocrx_word' id='word_1_84' title='bbox 708 1385 1010 1465; x_wconf 83' lang='lat' dir='ltr'>raptum</span> <span class='ocrx_word' id='word_1_85' title='bbox 1052 1361 1426 1443; x_wconf 71' lang='lat' dir='ltr'>desiderio</span> <span class='ocrx_word' id='word_1_86' title='bbox 1464 1388 1745 1465; x_wconf 84' lang='lat' dir='ltr'>‚quam</span> <span class='ocrx_word' id='word_1_87' title='bbox 1801 1367 2025 1444; x_wconf 86' lang='lat' dir='ltr'>avide</span> <span class='ocrx_word' id='word_1_88' title='bbox 2050 1369 2257 1460; x_wconf 70' lang='lat' dir='ltr'>illud</span> <span class='ocrx_word' id='word_1_89' title='bbox 2302 1369 2413 1445; x_wconf 83' lang='lat' dir='ltr'>ab.</span> 
     </span>
     <span class='ocr_line' id='line_1_14' title="bbox 417 1455 2393 1582; baseline -0.001 -39"><span class='ocrx_word' id='word_1_90' title='bbox 417 1462 661 1543; x_wconf 85' lang='lat' dir='ltr'>Esavo</span> <span class='ocrx_word' id='word_1_91' title='bbox 683 1513 706 1546; x_wconf 84' lang='lat'>‚</span> <span class='ocrx_word' id='word_1_92' title='bbox 755 1463 892 1561; x_wconf 83' lang='lat' dir='ltr'>qui</span> <span class='ocrx_word' id='word_1_93' title='bbox 916 1463 1015 1535; x_wconf 84' lang='lat' dir='ltr'>ab</span> <span class='ocrx_word' id='word_1_94' title='bbox 1051 1461 1645 1566; x_wconf 31' lang='lat' dir='ltr'>‘eius—contemtu</span> <span class='ocrx_word' id='word_1_95' title='bbox 1681 1455 1957 1538; x_wconf 72' lang='grc' dir='ltr'>βέβηλος</span> <span class='ocrx_word' id='word_1_96' title='bbox 1970 1461 2393 1582; x_wconf 58' lang='grc' dir='ltr'>ᾉροίὶοὶο</span> 
     </span>
    </p>

    <p class='ocr_par' dir='ltr' id='par_1_11' title="bbox 363 1555 2429 3797">
     <span class='ocr_line' id='line_1_15' title="bbox 420 1555 2399 1658; baseline -0.004 -19"><span class='ocrx_word' id='word_1_97' title='bbox 420 1560 673 1643; x_wconf 79' lang='lat' dir='ltr'>audit,</span> <span class='ocrx_word' id='word_1_98' title='bbox 711 1555 1475 1652; x_wconf 39' lang='lat' dir='ltr'>redemiffeflegimus</span> <span class='ocrx_word' id='word_1_99' title='bbox 1513 1579 1746 1654; x_wconf 84' lang='lat' dir='ltr'>quam</span> <span class='ocrx_word' id='word_1_100' title='bbox 1779 1561 2065 1644; x_wconf 77' lang='lat' dir='ltr'>eximiis</span> <span class='ocrx_word' id='word_1_101' title='bbox 2104 1561 2212 1637; x_wconf 87' lang='lat' dir='ltr'>illi</span> <span class='ocrx_word' id='word_1_102' title='bbox 2237 1579 2399 1658; x_wconf 76' lang='lat' dir='ltr'>prae-</span> 
     </span>
     <span class='ocr_line' id='line_1_16' title="bbox 416 1651 2405 1755; baseline 0.001 -24"><span class='ocrx_word' id='word_1_103' title='bbox 416 1653 728 1748; x_wconf 61' lang='lat' dir='ltr'>negativis</span> <span class='ocrx_word' id='word_1_104' title='bbox 761 1653 1138 1755; x_wconf 80' lang='lat' dir='ltr'>superbire</span> <span class='ocrx_word' id='word_1_105' title='bbox 1176 1655 1338 1732; x_wconf 88' lang='lat' dir='ltr'>sunt</span> <span class='ocrx_word' id='word_1_106' title='bbox 1367 1651 1549 1730; x_wconf 77' lang='lat' dir='ltr'>vifi?</span> <span class='ocrx_word' id='word_1_107' title='bbox 1603 1656 1740 1731; x_wconf 90' lang='lat' dir='ltr'>His</span> <span class='ocrx_word' id='word_1_108' title='bbox 1779 1655 2091 1736; x_wconf 51' lang='lat' dir='ltr'>saness&#39;xut</span> <span class='ocrx_word' id='word_1_109' title='bbox 2178 1660 2405 1733; x_wconf 85' lang='lat' dir='ltr'>rinei-</span> 
     </span>
     <span class='ocr_line' id='line_1_17' title="bbox 363 1751 2412 1856; baseline -0 -26"><span class='ocrx_word' id='word_1_110' title='bbox 363 1765 378 1790; x_wconf 62' lang='grc'><em>“</em></span> <span class='ocrx_word' id='word_1_111' title='bbox 415 1755 636 1856; x_wconf 81' lang='lat' dir='ltr'>pium</span> <span class='ocrx_word' id='word_1_112' title='bbox 669 1751 974 1828; x_wconf 88' lang='lat' dir='ltr'>roboris</span> <span class='ocrx_word' id='word_1_113' title='bbox 1007 1771 1408 1850; x_wconf 75' lang='lat' dir='ltr'>parentum</span> <span class='ocrx_word' id='word_1_114' title='bbox 1437 1803 1458 1829; x_wconf 85' lang='lat'>‚</span> <span class='ocrx_word' id='word_1_115' title='bbox 1511 1751 1590 1827; x_wconf 72' lang='grc' dir='ltr'>δε</span> <span class='ocrx_word' id='word_1_116' title='bbox 1616 1774 1890 1829; x_wconf 83' lang='lat' dir='ltr'>eorum</span> <span class='ocrx_word' id='word_1_117' title='bbox 1924 1751 2081 1828; x_wconf 83' lang='lat' dir='ltr'>fere</span> <span class='ocrx_word' id='word_1_118' title='bbox 2161 1753 2412 1830; x_wconf 80' lang='lat' dir='ltr'>eliciae</span> 
     </span>
     <span class='ocr_line' id='line_1_18' title="bbox 419 1845 2415 1949; baseline -0.005 -20"><span class='ocrx_word' id='word_1_119' title='bbox 419 1866 661 1929; x_wconf 81' lang='lat' dir='ltr'>etant.</span> <span class='ocrx_word' id='word_1_120' title='bbox 690 1847 789 1924; x_wconf 83' lang='lat' dir='ltr'>fic</span> <span class='ocrx_word' id='word_1_121' title='bbox 811 1845 925 1936; x_wconf 83' lang='lat' dir='ltr'>(a)</span> <span class='ocrx_word' id='word_1_122' title='bbox 958 1847 1152 1943; x_wconf 79' lang='lat' dir='ltr'>dupla</span> <span class='ocrx_word' id='word_1_123' title='bbox 1187 1848 1268 1946; x_wconf 80' lang='lat' dir='ltr'>in</span> <span class='ocrx_word' id='word_1_124' title='bbox 1300 1845 1733 1926; x_wconf 82' lang='lat' dir='ltr'>erciscunda</span> <span class='ocrx_word' id='word_1_125' title='bbox 1773 1846 2143 1921; x_wconf 66' lang='lat' dir='ltr'>hav-editae·</span> <span class='ocrx_word' id='word_1_126' title='bbox 2166 1864 2415 1949; x_wconf 59' lang='lat' dir='ltr'>pater-⁴</span> 
     </span>
     <span class='ocr_line' id='line_1_19' title="bbox 417 1942 2413 2045; baseline 0.004 -27"><span class='ocrx_word' id='word_1_127' title='bbox 417 1969 539 2027; x_wconf 82' lang='lat' dir='ltr'>na,</span> <span class='ocrx_word' id='word_1_128' title='bbox 610 1943 815 2039; x_wconf 86' lang='lat' dir='ltr'>Lege</span> <span class='ocrx_word' id='word_1_129' title='bbox 869 1944 1099 2020; x_wconf 87' lang='lat' dir='ltr'>etiam</span> <span class='ocrx_word' id='word_1_130' title='bbox 1152 1943 1425 2019; x_wconf 85' lang='lat' dir='ltr'>sancita</span> <span class='ocrx_word' id='word_1_131' title='bbox 1489 1997 1510 2024; x_wconf 86' lang='lat'>‚</span> <span class='ocrx_word' id='word_1_132' title='bbox 1592 1945 1851 2045; x_wconf 82' lang='lat' dir='ltr'>portio</span> <span class='ocrx_word' id='word_1_133' title='bbox 1906 1942 2342 2021; x_wconf 75' lang='lat' dir='ltr'>debebatur</span> <span class='ocrx_word' id='word_1_134' title='bbox 2385 1950 2413 2025; x_wconf 78' lang='lat'>3‘</span> 
     </span>
     <span class='ocr_line' id='line_1_20' title="bbox 420 2036 2413 2140; baseline 0 -24"><span class='ocrx_word' id='word_1_135' title='bbox 420 2061 661 2139; x_wconf 80' lang='lat' dir='ltr'>quam</span> <span class='ocrx_word' id='word_1_136' title='bbox 712 2039 1092 2139; x_wconf 75' lang='lat' dir='ltr'>josepho,</span> <span class='ocrx_word' id='word_1_137' title='bbox 1145 2041 1257 2119; x_wconf 91' lang='lat' dir='ltr'>ob</span> <span class='ocrx_word' id='word_1_138' title='bbox 1292 2036 1695 2117; x_wconf 72' lang='lat' dir='ltr'>admissum</span> <span class='ocrx_word' id='word_1_139' title='bbox 1731 2062 1777 2115; x_wconf 87' lang='lat' dir='ltr'>a</span> <span class='ocrx_word' id='word_1_140' title='bbox 1807 2042 2132 2130; x_wconf 81' lang='lat' dir='ltr'>Rubcne</span> <span class='ocrx_word' id='word_1_141' title='bbox 2177 2037 2413 2140; x_wconf 66' lang='lat' dir='ltr'>infig‹</span> 
     </span>
     <span class='ocr_line' id='line_1_21' title="bbox 420 2132 2416 2234; baseline -0.001 -19"><span class='ocrx_word' id='word_1_142' title='bbox 420 2159 521 2216; x_wconf 86' lang='lat' dir='ltr'>ne</span> <span class='ocrx_word' id='word_1_143' title='bbox 554 2136 925 2234; x_wconf 76' lang='lat' dir='ltr'>flagitium</span> <span class='ocrx_word' id='word_1_144' title='bbox 957 2185 977 2219; x_wconf 86' lang='lat'>‚</span> <span class='ocrx_word' id='word_1_145' title='bbox 1013 2137 1169 2213; x_wconf 84' lang='lat' dir='ltr'>hoc</span> <span class='ocrx_word' id='word_1_146' title='bbox 1202 2136 1299 2212; x_wconf 84' lang='lat' dir='ltr'>ad</span> <span class='ocrx_word' id='word_1_147' title='bbox 1334 2137 1553 2216; x_wconf 87' lang='lat' dir='ltr'>illum</span> <span class='ocrx_word' id='word_1_148' title='bbox 1590 2137 1747 2227; x_wconf 84' lang='lat' dir='ltr'>iure</span> <span class='ocrx_word' id='word_1_149' title='bbox 1785 2132 2166 2221; x_wconf 76' lang='lat' dir='ltr'>devoluto</span> <span class='ocrx_word' id='word_1_150' title='bbox 2189 2186 2214 2222; x_wconf 87' lang='lat'>‚</span> <span class='ocrx_word' id='word_1_151' title='bbox 2268 2143 2416 2229; x_wconf 81' lang='lat' dir='ltr'>eti-</span> 
     </span>
     <span class='ocr_line' id='line_1_22' title="bbox 420 2227 2416 2350; baseline -0.001 -38"><span class='ocrx_word' id='word_1_152' title='bbox 420 2257 549 2312; x_wconf 83' lang='lat' dir='ltr'>am</span> <span class='ocrx_word' id='word_1_153' title='bbox 597 2239 675 2310; x_wconf 92' lang='lat' dir='ltr'>in</span> <span class='ocrx_word' id='word_1_154' title='bbox 710 2233 1106 2312; x_wconf 83' lang='lat' dir='ltr'>Cananaeae</span> <span class='ocrx_word' id='word_1_155' title='bbox 1144 2227 1679 2313; x_wconf 86' lang='lat' dir='ltr'>distributione</span> <span class='ocrx_word' id='word_1_156' title='bbox 1727 2231 2004 2314; x_wconf 83' lang='lat' dir='ltr'>veniffe</span> <span class='ocrx_word' id='word_1_157' title='bbox 2046 2234 2416 2350; x_wconf 52' lang='lat' dir='ltr'>comper·-</span> 
     </span>
     <span class='ocr_line' id='line_1_23' title="bbox 419 2328 2418 2425; baseline -0.001 -19"><span class='ocrx_word' id='word_1_158' title='bbox 419 2350 589 2408; x_wconf 86' lang='lat' dir='ltr'>tum</span> <span class='ocrx_word' id='word_1_159' title='bbox 628 2331 708 2405; x_wconf 74' lang='grc' dir='ltr'>δε</span> <span class='ocrx_word' id='word_1_160' title='bbox 756 2330 1248 2425; x_wconf 83' lang='lat' dir='ltr'>exploratum</span> <span class='ocrx_word' id='word_1_161' title='bbox 1285 2328 1660 2407; x_wconf 86' lang='lat' dir='ltr'>habemus</span> <span class='ocrx_word' id='word_1_162' title='bbox 1719 2360 1737 2409; x_wconf 73' lang='grc' dir='ltr'><strong><em>ε</em></strong></span> <span class='ocrx_word' id='word_1_163' title='bbox 1792 2331 1909 2407; x_wconf 90' lang='lat' dir='ltr'>his</span> <span class='ocrx_word' id='word_1_164' title='bbox 1939 2330 2418 2423; x_wconf 46' lang='lat' dir='ltr'>beni-difflant&amp;</span> 
     </span>
     <span class='ocr_line' id='line_1_24' title="bbox 418 2418 2416 2523; baseline -0.001 -23"><span class='ocrx_word' id='word_1_165' title='bbox 418 2432 656 2509; x_wconf 77' lang='lat' dir='ltr'>avitae,</span> <span class='ocrx_word' id='word_1_166' title='bbox 699 2427 781 2502; x_wconf 89' lang='lat' dir='ltr'>in</span> <span class='ocrx_word' id='word_1_167' title='bbox 824 2418 1260 2500; x_wconf 81' lang='lat' dir='ltr'>coelestibus</span> <span class='ocrx_word' id='word_1_168' title='bbox 1308 2427 1646 2509; x_wconf 78' lang='lat' dir='ltr'>maxime</span> <span class='ocrx_word' id='word_1_169' title='bbox 1678 2472 1700 2508; x_wconf 92' lang='lat'>,</span> <span class='ocrx_word' id='word_1_170' title='bbox 1781 2424 2160 2523; x_wconf 76' lang='lat' dir='ltr'>amplissima</span> <span class='ocrx_word' id='word_1_171' title='bbox 2197 2445 2416 2523; x_wconf 82' lang='lat' dir='ltr'>pars,</span> 
     </span>
     <span class='ocr_line' id='line_1_25' title="bbox 417 2517 2422 2619; baseline 0.002 -23"><span class='ocrx_word' id='word_1_172' title='bbox 417 2544 573 2619; x_wconf 81' lang='lat' dir='ltr'>qua</span> <span class='ocrx_word' id='word_1_173' title='bbox 612 2522 826 2596; x_wconf 87' lang='lat' dir='ltr'>suum</span> <span class='ocrx_word' id='word_1_174' title='bbox 866 2519 1044 2596; x_wconf 78' lang='lat' dir='ltr'>hinc</span> <span class='ocrx_word' id='word_1_175' title='bbox 1086 2517 1423 2609; x_wconf 76' lang='lat' dir='ltr'>jacobus</span> <span class='ocrx_word' id='word_1_176' title='bbox 1460 2517 1817 2603; x_wconf 81' lang='lat' dir='ltr'>Esavum,</span> <span class='ocrx_word' id='word_1_177' title='bbox 1850 2522 2072 2598; x_wconf 87' lang='lat' dir='ltr'>suum</span> <span class='ocrx_word' id='word_1_178' title='bbox 2108 2521 2305 2613; x_wconf 86' lang='lat' dir='ltr'>Jose-</span> <span class='ocrx_word' id='word_1_179' title='bbox 2361 2521 2422 2600; x_wconf 80' lang='lat' dir='ltr'>h</span> 
     </span>
     <span class='ocr_line' id='line_1_26' title="bbox 419 2600 2415 2717; baseline -0.005 -22"><span class='ocrx_word' id='word_1_180' title='bbox 419 2613 805 2695; x_wconf 81' lang='lat' dir='ltr'>Manaffen</span> <span class='ocrx_word' id='word_1_181' title='bbox 830 2615 1156 2697; x_wconf 85' lang='lat' dir='ltr'>voluere</span> <span class='ocrx_word' id='word_1_182' title='bbox 1181 2610 1558 2694; x_wconf 82' lang='lat' dir='ltr'>lustratos.</span> <span class='ocrx_word' id='word_1_183' title='bbox 1586 2600 1835 2704; x_wconf 74' lang='lat' dir='ltr'>&lt;b&gt;His</span> <span class='ocrx_word' id='word_1_184' title='bbox 1859 2619 1936 2694; x_wconf 86' lang='lat' dir='ltr'>in</span> <span class='ocrx_word' id='word_1_185' title='bbox 1955 2619 2249 2717; x_wconf 59' lang='lat' dir='ltr'>minor-ps</span> <span class='ocrx_word' id='word_1_186' title='bbox 2339 2644 2415 2691; x_wconf 75' lang='lat' dir='ltr'>a..</span> 
     </span>
     <span class='ocr_line' id='line_1_27' title="bbox 417 2712 2423 2808; baseline 0.001 -20"><span class='ocrx_word' id='word_1_187' title='bbox 417 2730 554 2789; x_wconf 70' lang='lat' dir='ltr'>&#39;tres</span> <span class='ocrx_word' id='word_1_188' title='bbox 582 2717 918 2808; x_wconf 77' lang='lat' dir='ltr'>imperium</span> <span class='ocrx_word' id='word_1_189' title='bbox 943 2715 1032 2788; x_wconf 77' lang='lat'>&amp;⁹</span> <span class='ocrx_word' id='word_1_190' title='bbox 1051 2714 1492 2808; x_wconf 72' lang='lat' dir='ltr'>principatus,</span> <span class='ocrx_word' id='word_1_191' title='bbox 1529 2729 1617 2788; x_wconf 85' lang='lat' dir='ltr'>ut</span> <span class='ocrx_word' id='word_1_192' title='bbox 1656 2712 1911 2790; x_wconf 81' lang='lat' dir='ltr'>Caino</span> <span class='ocrx_word' id='word_1_193' title='bbox 1954 2715 2032 2791; x_wconf 77' lang='grc' dir='ltr'>ὅ(</span> <span class='ocrx_word' id='word_1_194' title='bbox 2084 2714 2423 2804; x_wconf 50' lang='lat' dir='ltr'>Iacobo</span> 
     </span>
     <span class='ocr_line' id='line_1_28' title="bbox 413 2807 2423 2899; baseline 0.002 -11"><span class='ocrx_word' id='word_1_195' title='bbox 413 2812 777 2890; x_wconf 61' lang='lat' dir='ltr'>&#39;decretus</span> <span class='ocrx_word' id='word_1_196' title='bbox 814 2857 839 2893; x_wconf 85' lang='lat'>‚</span> <span class='ocrx_word' id='word_1_197' title='bbox 873 2811 974 2889; x_wconf 87' lang='lat' dir='ltr'>ita</span> <span class='ocrx_word' id='word_1_198' title='bbox 1016 2814 1096 2889; x_wconf 85' lang='lat' dir='ltr'>in</span> <span class='ocrx_word' id='word_1_199' title='bbox 1136 2807 1421 2899; x_wconf 78' lang='lat' dir='ltr'>Iudam</span> <span class='ocrx_word' id='word_1_200' title='bbox 1464 2831 1589 2887; x_wconf 88' lang='lat' dir='ltr'>em</span> <span class='ocrx_word' id='word_1_201' title='bbox 1649 2807 1910 2888; x_wconf 84' lang='lat' dir='ltr'>haticis</span> <span class='ocrx_word' id='word_1_202' title='bbox 1954 2809 2423 2892; x_wconf 84' lang='lat' dir='ltr'>admodum</span> 
     </span>
     <span class='ocr_line' id='line_1_29' title="bbox 421 2903 2424 3008; baseline 0.001 -24"><span class='ocrx_word' id='word_1_203' title='bbox 421 2907 674 2987; x_wconf 86' lang='lat' dir='ltr'>verbis</span> <span class='ocrx_word' id='word_1_204' title='bbox 711 2927 863 2982; x_wconf 82' lang='lat' dir='ltr'>una</span> <span class='ocrx_word' id='word_1_205' title='bbox 910 2927 1094 2983; x_wconf 87' lang='lat' dir='ltr'>cum</span> <span class='ocrx_word' id='word_1_206' title='bbox 1155 2904 1523 3005; x_wconf 78' lang='lat' dir='ltr'>natalium</span> <span class='ocrx_word' id='word_1_207' title='bbox 1669 2903 1855 2983; x_wconf 71' lang='lat' dir='ltr'>essim</span> <span class='ocrx_word' id='word_1_208' title='bbox 1896 2911 2424 3008; x_wconf 78' lang='lat' dir='ltr'>praerogativa</span> 
     </span>
     <span class='ocr_line' id='line_1_30' title="bbox 418 2999 2420 3104; baseline 0.004 -25"><span class='ocrx_word' id='word_1_209' title='bbox 418 3003 843 3079; x_wconf 81' lang='lat' dir='ltr'>translatus.</span> <span class='ocrx_word' id='word_1_210' title='bbox 944 3001 1083 3078; x_wconf 87' lang='lat' dir='ltr'>His</span> <span class='ocrx_word' id='word_1_211' title='bbox 1112 2999 1590 3104; x_wconf 85' lang='lat' dir='ltr'>sequentibus</span> <span class='ocrx_word' id='word_1_212' title='bbox 1617 3003 1849 3080; x_wconf 81' lang='lat' dir='ltr'>etiam</span> <span class='ocrx_word' id='word_1_213' title='bbox 1880 3007 2420 3103; x_wconf 68' lang='lat' dir='ltr'>temporibus»</span> 
     </span>
     <span class='ocr_line' id='line_1_31' title="bbox 422 3096 2428 3198; baseline 0 -22"><span class='ocrx_word' id='word_1_214' title='bbox 422 3099 838 3185; x_wconf 78' lang='lat' dir='ltr'>communi</span> <span class='ocrx_word' id='word_1_215' title='bbox 873 3119 1057 3176; x_wconf 90' lang='lat' dir='ltr'>cum</span> <span class='ocrx_word' id='word_1_216' title='bbox 1083 3098 1471 3179; x_wconf 86' lang='lat' dir='ltr'>Gentibus</span> <span class='ocrx_word' id='word_1_217' title='bbox 1509 3102 1805 3177; x_wconf 83' lang='lat' dir='ltr'>ratione</span> <span class='ocrx_word' id='word_1_218' title='bbox 1840 3150 1862 3179; x_wconf 86' lang='lat'>‚</span> <span class='ocrx_word' id='word_1_219' title='bbox 1912 3096 2056 3188; x_wconf 81' lang='lat' dir='ltr'>solii</span> <span class='ocrx_word' id='word_1_220' title='bbox 2091 3105 2428 3198; x_wconf 78' lang='lat' dir='ltr'>regnique</span> 
     </span>
     <span class='ocr_line' id='line_1_32' title="bbox 415 3193 2429 3291; baseline 0.004 -23"><span class='ocrx_word' id='word_1_221' title='bbox 415 3198 679 3291; x_wconf 73' lang='lat' dir='ltr'>paterni</span> <span class='ocrx_word' id='word_1_222' title='bbox 713 3193 1072 3281; x_wconf 65' lang='lat' dir='ltr'>hareditas,</span> <span class='ocrx_word' id='word_1_223' title='bbox 1113 3195 1441 3284; x_wconf 81' lang='lat' dir='ltr'>Jotamo</span> <span class='ocrx_word' id='word_1_224' title='bbox 1483 3216 1648 3271; x_wconf 88' lang='lat' dir='ltr'>uno</span> <span class='ocrx_word' id='word_1_225' title='bbox 1682 3194 1839 3272; x_wconf 89' lang='lat' dir='ltr'>hoc</span> <span class='ocrx_word' id='word_1_226' title='bbox 1867 3196 2202 3274; x_wconf 88' lang='lat' dir='ltr'>nomine</span> <span class='ocrx_word' id='word_1_227' title='bbox 2247 3196 2429 3276; x_wconf 76' lang='lat' dir='ltr'>assi·-</span> 
     </span>
     <span class='ocr_line' id='line_1_33' title="bbox 422 3290 2426 3391; baseline 0.002 -22"><span class='ocrx_word' id='word_1_228' title='bbox 422 3309 671 3391; x_wconf 79' lang='lat' dir='ltr'>gnata.</span> <span class='ocrx_word' id='word_1_229' title='bbox 766 3290 871 3379; x_wconf 89' lang='lat' dir='ltr'>(c)</span> <span class='ocrx_word' id='word_1_230' title='bbox 906 3292 1013 3369; x_wconf 91' lang='lat' dir='ltr'>Hi</span> <span class='ocrx_word' id='word_1_231' title='bbox 1041 3293 1348 3389; x_wconf 89' lang='lat' dir='ltr'>quoties</span> <span class='ocrx_word' id='word_1_232' title='bbox 1402 3292 1505 3368; x_wconf 79' lang='lat' dir='ltr'>ita</span> <span class='ocrx_word' id='word_1_233' title='bbox 1568 3292 1924 3370; x_wconf 82' lang='lat' dir='ltr'>Genitori</span> <span class='ocrx_word' id='word_1_234' title='bbox 2006 3293 2426 3375; x_wconf 86' lang='lat' dir='ltr'>videretur</span> 
     </span>
     <span class='ocr_line' id='line_1_34' title="bbox 423 3386 2426 3505; baseline 0.002 -42"><span class='ocrx_word' id='word_1_235' title='bbox 423 3392 799 3505; x_wconf 78' lang='lat' dir='ltr'>praesenti·‚</span> <span class='ocrx_word' id='word_1_236' title='bbox 829 3387 1135 3465; x_wconf 80' lang='lat' dir='ltr'>absente</span> <span class='ocrx_word' id='word_1_237' title='bbox 1169 3410 1357 3465; x_wconf 85' lang='lat' dir='ltr'>vero</span> <span class='ocrx_word' id='word_1_238' title='bbox 1387 3389 1737 3482; x_wconf 82' lang='lat' dir='ltr'>inprimis</span> <span class='ocrx_word' id='word_1_239' title='bbox 1789 3388 1907 3466; x_wconf 86' lang='lat' dir='ltr'>vel</span> <span class='ocrx_word' id='word_1_240' title='bbox 1964 3386 2367 3468; x_wconf 69' lang='lat' dir='ltr'>defuncto</span> <span class='ocrx_word' id='word_1_241' title='bbox 2396 3440 2426 3477; x_wconf 82' lang='lat'>‚</span> 
     </span>
     <span class='ocr_line' id='line_1_35' title="bbox 424 3482 2428 3583; baseline -0 -21"><span class='ocrx_word' id='word_1_242' title='bbox 424 3506 505 3562; x_wconf 73' lang='lat' dir='ltr'>in</span> <span class='ocrx_word' id='word_1_243' title='bbox 543 3485 831 3562; x_wconf 84' lang='lat' dir='ltr'>familia</span> <span class='ocrx_word' id='word_1_244' title='bbox 877 3485 1035 3574; x_wconf 86' lang='lat' dir='ltr'>eius</span> <span class='ocrx_word' id='word_1_245' title='bbox 1073 3488 1361 3583; x_wconf 85' lang='lat' dir='ltr'>integra</span> <span class='ocrx_word' id='word_1_246' title='bbox 1383 3482 1714 3573; x_wconf 78' lang='lat' dir='ltr'>sacrorum</span> <span class='ocrx_word' id='word_1_247' title='bbox 1757 3486 2428 3567; x_wconf 63' lang='lat' dir='ltr'>administri,tra&amp;a</span> 
     </span>
     <span class='ocr_line' id='line_1_36' title="bbox 426 3579 2411 3682; baseline 0.003 -26"><span class='ocrx_word' id='word_1_248' title='bbox 426 3579 655 3656; x_wconf 84' lang='lat' dir='ltr'>etiam</span> <span class='ocrx_word' id='word_1_249' title='bbox 695 3586 775 3657; x_wconf 90' lang='lat' dir='ltr'>in</span> <span class='ocrx_word' id='word_1_250' title='bbox 869 3601 1083 3663; x_wconf 84' lang='lat' dir='ltr'>artes,</span> <span class='ocrx_word' id='word_1_251' title='bbox 1126 3596 1212 3659; x_wconf 87' lang='lat' dir='ltr'>ut</span> <span class='ocrx_word' id='word_1_252' title='bbox 1252 3579 1609 3682; x_wconf 84' lang='lat' dir='ltr'>prosapiae</span> <span class='ocrx_word' id='word_1_253' title='bbox 1656 3602 1861 3656; x_wconf 87' lang='lat' dir='ltr'>nunc</span> <span class='ocrx_word' id='word_1_254' title='bbox 1899 3580 2116 3657; x_wconf 84' lang='lat' dir='ltr'>avitae</span> <span class='ocrx_word' id='word_1_255' title='bbox 2169 3580 2411 3661; x_wconf 85' lang='lat' dir='ltr'>Patri-</span> 
     </span>
     <span class='ocr_line' id='line_1_37' title="bbox 424 3673 2428 3797; baseline 0.001 -46"><span class='ocrx_word' id='word_1_256' title='bbox 424 3673 668 3755; x_wconf 81' lang='lat' dir='ltr'>archae</span> <span class='ocrx_word' id='word_1_257' title='bbox 701 3725 725 3761; x_wconf 84' lang='lat'><strong><em>‚</em></strong></span> <span class='ocrx_word' id='word_1_258' title='bbox 830 3678 1159 3777; x_wconf 80' lang='lat' dir='ltr'>igniores</span> <span class='ocrx_word' id='word_1_259' title='bbox 1206 3679 1513 3779; x_wconf 88' lang='lat' dir='ltr'>reliquis</span> <span class='ocrx_word' id='word_1_260' title='bbox 1550 3674 2428 3797; x_wconf 33' lang='lat' dir='ltr'>fratribusfS‘acerdotes.</span> 
     </span>
    </p>
   </div>
   <div class='ocr_carea' id='block_1_3' title="bbox 2224 3772 2440 3880">
    <p class='ocr_par' dir='ltr' id='par_1_12' title="bbox 2224 3772 2440 3880">
     <span class='ocr_line' id='line_1_38' title="bbox 2224 3772 2440 3880; baseline 0.023 -27"><span class='ocrx_word' id='word_1_261' title='bbox 2224 3772 2440 3880; x_wconf 85' lang='lat' dir='ltr'>Spe-</span> 
     </span>
    </p>
   </div>
  </div>
 </body>
</html>
