2590 4326
975 54 1117 161 ἐκ
1225 56 1333 163 )ε(
1443 57 1585 165 ἐξ
1905 177 1908 180 ⁷
2089 66 2257 158 619

204 235 470 337 quod
493 259 783 337 nempe,
824 258 978 408 ῗαο
1020 259 1208 311 unus
1245 234 1551 349 quisque
1592 236 1864 322 animo,
1898 235 2017 312 vel
2058 251 2245 316 tem-

204 347 711 447 peramento,
751 352 840 410 ve
893 332 1322 409 eruditionis
1356 357 1445 433 ap
1505 346 1725 418 aratu,
1768 330 1889 408 vel
1932 332 2081 411 hoc
2121 336 2242 414 vel

206 429 444 507 illud
479 430 878 507 stabiliendi
906 429 1167 515 studio,
1205 431 1295 505 ad
1332 428 1398 507 S.
1493 432 1889 528 cripturam
1920 431 2235 522 accedat,

210 525 320 604 id
373 530 460 603 in
510 553 592 604 ea
630 526 701 604 se
730 526 1293 604 animadvertere
1359 584 1380 616 ,
1467 542 1685 627 atque
1730 524 2007 595 {ninum
2038 527 2241 608 suam

215 649 343 702 ex
376 623 574 701 hisce
609 623 976 702 affeffibus
1050 625 1419 701 instituere
1474 648 1633 701 non
1676 623 2014 702 dubitet?
2064 625 2239 705 Suas

212 722 375 802 hic
462 719 886 800 Pontificius
943 720 1445 799 satisfactiones
1466 779 1488 810 ‚
1544 720 1765 798 sacras
1823 725 2242 820 peregrina..

215 822 500 899 tiones
556 875 577 904 ‚
622 820 997 895 bonorum
1037 842 1351 919 operum
1402 820 1655 896 merita
1671 876 1693 907 ‚
1737 817 1945 920 Papae
2026 822 2242 897 rima-

224 931 424 994 tum
483 917 558 992 &
591 914 1102 1028 indulgentias,
1161 918 1236 993 ὃς
1264 916 1442 993 alius
1474 916 1630 1002 alia,
1659 916 1878 993 videt.
2037 941 2242 1016 ypos

224 1013 400 1100 alii,
444 1014 518 1090 &
552 1013 883 1110 vaticima
929 1013 1008 1089 δε
1051 1012 1329 1115 septem
1373 1012 1720 1113 periodos
1775 1014 2047 1113 ubique
2074 1038 2240 1112 per-

227 1110 590 1211 spiciunt,
615 1112 795 1210 quin
831 1109 996 1188 sunt
1011 1115 1137 1211 qui
1169 1135 1311 1187 nec
1338 1111 1602 1189 solutas
1635 1109 2061 1188 Solomonis
2083 1113 2241 1190 sen-

232 1208 538 1295 tentias,
590 1231 731 1284 nec
768 1204 1208 1287 Orationem
1256 1206 1737 1286 Dominicam
1780 1208 1983 1285 aliter
2018 1233 2242 1309 quam

238 1328 397 1406 pro
451 1304 700 1381 hetico
746 1304 1020 1404 Spiritu
1071 1308 1354 1382 recitari
1393 1319 1518 1382 aut
1571 1307 1757 1381 orari
1798 1304 2001 1404 posse
2056 1311 2241 1383 con-

212 1417 383 1479 ten
434 1416 570 1477 unt
589 1458 611 1489 ‚
645 1417 861 1502 atque
892 1399 1072 1503 dum
1117 1401 1355 1479 sensus
1393 1406 1492 1479 ita
1540 1426 1696 1478 non
1750 1400 1881 1478 nifi
1924 1401 2239 1503 singula-

242 1523 403 1588 reS,
459 1522 780 1587 arcanos,
823 1501 1137 1599 typicOS‚
1180 1500 1525 1599 mysticos
1543 1556 1565 1586 ,
1610 1499 2023 1599 &longius
2107 1503 2241 1578 eti-

249 1609 374 1677 tos
454 1609 906 1697 aucupantur
956 1653 978 1684 ,
1036 1620 1167 1696 per
1219 1621 1388 1674 uam
1445 1594 1855 1674 honorifice
1898 1622 1938 1674 a
1960 1621 2040 1674 re
2074 1601 2242 1699 'qua

256 1692 830 1771 Christianorum
878 1693 1177 1771 multitu
1231 1696 1351 1770 ine
1401 1693 1472 1770 se
1543 1691 1757 1770 distin
1869 1698 1883 1710 “
1928 1693 2234 1796 sperant.

256 1789 398 1873 Alii
436 1804 691 1867 contra
711 1847 734 1878 ,
765 1789 937 1892 quic
989 1792 1119 1867 uid
1158 1789 1487 1878 Meffiam
1526 1794 1605 1865 in
1631 1789 1725 1867 V.
1836 1793 2237 1869 estamento

258 1890 608 1987 agnitum,
637 1890 937 1988 quicqui
1040 1885 1538 1965 sublimiorem
1570 1887 2128 1987 promissionum
2159 1891 2236 1965 &

260 1989 834 2064 ceremoniarum
866 1984 997 2061 sub
1038 1999 1502 2061 externarum
1552 2009 1800 2060 rerum
1835 1985 2236 2063 involucris
2284 2014 2287 2018 ’

251 2080 529 2160 sensum
554 2138 574 2170 ,
648 2084 775 2196 qni
870 2081 998 2158 uid
1052 2081 1704 2183 extraordinarium
1737 2080 1887 2159 Dei
1919 2087 2235 2159 concur-
2321 2105 2328 2112 ·

258 2180 410 2258 sum
461 2183 536 2258 ὃς
583 2204 807 2258 mirac
886 2206 925 2258 a
955 2179 1190 2281 spirat,
1246 2179 1684 2266 nauseantes,
1709 2180 1815 2256 nil
1845 2179 1978 2257 nifi
2009 2194 2233 2256 terre-

242 2278 437 2365 ·stria,
471 2276 603 2353 nifi
650 2292 946 2354 externa
979 2277 1264 2365 vident,
1294 2276 1478 2354 nihil
1506 2300 1646 2376 pro
1701 2276 1926 2372 hetici
1963 2292 2086 2354 aut
2116 2291 2235 2377 ty*

315 2377 403 2452 ici
435 2377 718 2475 perpeti
751 2372 1070 2476 possunt,
1097 2377 1280 2475 quin
1318 2374 1641 2452 admiran
1694 2400 1734 2451 a
1761 2374 2020 2451 divinae
2044 2377 2232 2457 circa

258 2398 633 2564 Ecclesiam
668 2473 1145 2586 providentiae
1191 2496 1322 2572 per
1338 2506 1344 2513 ·
1363 2471 1971 2549 extraordinarios
2010 2496 2230 2549 even-

188 2626 195 2631 -
258 2585 370 2648 tus
400 2567 790 2669 specimina
831 2571 929 2646 ita
968 2584 1358 2659 extenuare
1394 2571 1738 2646 omnibus
1785 2568 2027 2646 modis
2052 2630 2056 2635 .
2080 2569 2228 2645 stu-

249 2668 429 2744 ·dent
454 2722 476 2752 ‚
518 2680 604 2741 ut
633 2665 815 2741 nihil
843 2664 1355 2743 miraculosum
1379 2681 1503 2743 aut
1532 2665 1862 2743 divinum
1895 2664 2231 2745 interces-

250 2761 397 2842 fiffe
436 2761 877 2863 persuadere·
909 2765 1125 2841 nobis
1156 2779 1432 2855 temere
1462 2762 1711 2841 velint.
1830 2762 1976 2841 Alii
2018 2766 2231 2865 inge-
2295 2792 2298 2795 ·

249 2863 380 2937 nio
419 2859 597 2939 tristi
633 2861 707 2936 ὃς
730 2860 975 2937 severo
1016 2860 1211 2938 ads.
1251 2860 1405 2938 Scri
1491 2885 1694 2952 uram
1732 2861 2163 2938 accedentes
2197 2916 2224 2950 ,

249 2956 480 3034 sensus
507 2971 796 3034 tantum
823 2957 1190 3059 rigidos&
1223 2875 1805 3057 saepeffitorribiles
1825 2954 2210 3046 assumunt,
2285 2990 2288 2993 ·

248 3053 370 3132 alii
408 3053 835 3133 leniores&
865 3057 1212 3143 mitioreS‚
1244 3056 1490 3132 mitius
1527 3079 1828 3156 quoque
1866 3059 2223 3154 interpre-

242 3163 508 3230 tantur.
608 3149 701 3229 Et
734 3168 962 3252 prout
985 3148 1294 3254 quisque
1328 3150 1625 3230 tandem
1646 3155 1734 3247 ‚in
1781 3151 2032 3252 aliquo
2079 3151 2225 3229 stu-

214 3322 216 3327 ,
247 3248 545 3325 diorum
585 3272 849 3347 genere
890 3253 1207 3329 maxime
1239 3251 1341 3327 est
1373 3249 1682 3326 versatus
1699 3306 1719 3335 ,
1747 3263 2075 3326 mentem
2126 3274 2221 3327 ue

248 3345 327 3422 δε
358 3347 737 3422 cerebrum
773 3348 950 3424 ideis
991 3348 1180 3424 illius
1246 3347 1610 3447 repletum
1648 3346 1890 3433 habet,
1945 3349 2044 3422 ita
2149 3373 2224 3424 a-

246 3465 413 3519 cros
453 3441 857 3542 Scriptores
949 3445 1336 3544 loquentes
1398 3444 1759 3543 intelligit.
1865 3441 2023 3536 Qui
2068 3442 2224 3533 He-

246 3540 502 3618 braicis
539 3541 615 3618 &
668 3536 1083 3621 Rabbinicis
1125 3564 1274 3642 prae
1315 3543 1610 3719 {ceteris
1656 3541 2008 3620 incubuer
2016 3556 2221 3717 unffi}

860 3699 864 3703 <
1395 3663 1433 3714 1
1478 3659 1648 3737 4
1717 3733 1722 3738 ,
1919 3664 1924 3667 ’
