<?xml version="1.0" encoding="UTF-8"?>
<!DOCTYPE html PUBLIC "-//W3C//DTD XHTML 1.0 Transitional//EN"
    "http://www.w3.org/TR/xhtml1/DTD/xhtml1-transitional.dtd">
<html xmlns="http://www.w3.org/1999/xhtml" xml:lang="en" lang="en">
 <head>
  <title>
</title>
<meta http-equiv="Content-Type" content="text/html;charset=utf-8" />
  <meta name='ocr-system' content='tesseract 3.04.00' />
  <meta name='ocr-capabilities' content='ocr_page ocr_carea ocr_par ocr_line ocrx_word'/>
</head>
<body>
  <div class='ocr_page' id='page_1' title='image "./saturadissertat00unkngoog_0014.png"; bbox 0 0 2590 4326; ppageno 0'>
   <div class='ocr_carea' id='block_1_1' title="bbox 440 180 1692 406">
    <p class='ocr_par' dir='ltr' id='par_1_1' title="bbox 440 180 1692 406">
     <span class='ocr_line' id='line_1_1' title="bbox 440 180 1692 406; baseline -0.002 -47"><span class='ocrx_word' id='word_1_1' title='bbox 440 180 497 359; x_wconf 61' lang='grc' dir='ltr'>ξι</span> <span class='ocrx_word' id='word_1_2' title='bbox 932 269 969 313; x_wconf 80' lang='lat'>2</span> <span class='ocrx_word' id='word_1_3' title='bbox 1060 249 1200 356; x_wconf 60' lang='lat' dir='ltr'>ea</span> <span class='ocrx_word' id='word_1_4' title='bbox 1309 251 1416 358; x_wconf 71' lang='lat'>22(</span> <span class='ocrx_word' id='word_1_5' title='bbox 1527 256 1692 406; x_wconf 58' lang='lat' dir='ltr'>va·</span> 
     </span>
    </p>
   </div>
   <div class='ocr_carea' id='block_1_2' title="bbox 355 436 2423 1500">
    <p class='ocr_par' dir='ltr' id='par_1_2' title="bbox 427 436 2423 1115">
     <span class='ocr_line' id='line_1_2' title="bbox 441 436 2423 613; baseline 0.003 -97"><span class='ocrx_word' id='word_1_6' title='bbox 441 439 776 518; x_wconf 87' lang='lat' dir='ltr'>natalitia</span> <span class='ocrx_word' id='word_1_7' title='bbox 812 440 1149 536; x_wconf 80' lang='lat' dir='ltr'>agimus,</span> <span class='ocrx_word' id='word_1_8' title='bbox 1177 436 1608 534; x_wconf 85' lang='lat' dir='ltr'>indignum.</span> <span class='ocrx_word' id='word_1_9' title='bbox 1713 438 2047 613; x_wconf 48' lang='lat' dir='ltr'>Aniffi‘e</span> <span class='ocrx_word' id='word_1_10' title='bbox 2088 438 2423 534; x_wconf 52' lang='lat' dir='ltr'>aurea&amp;</span> 
     </span>
     <span class='ocr_line' id='line_1_3' title="bbox 442 535 2415 633; baseline -0.002 -17"><span class='ocrx_word' id='word_1_11' title='bbox 442 537 909 616; x_wconf 84' lang='lat' dir='ltr'>benevolam</span> <span class='ocrx_word' id='word_1_12' title='bbox 944 535 1389 613; x_wconf 83' lang='lat' dir='ltr'>attentionis</span> <span class='ocrx_word' id='word_1_13' title='bbox 1440 554 1746 608; x_wconf 88' lang='lat' dir='ltr'>moram</span> <span class='ocrx_word' id='word_1_14' title='bbox 1799 537 1906 608; x_wconf 87' lang='lat' dir='ltr'>mi</span> <span class='ocrx_word' id='word_1_15' title='bbox 1968 539 1995 612; x_wconf 91' lang='lat' dir='ltr'>i</span> <span class='ocrx_word' id='word_1_16' title='bbox 2047 558 2415 633; x_wconf 45' lang='lat' dir='ltr'>commo-</span> 
     </span>
     <span class='ocr_line' id='line_1_4' title="bbox 440 628 2411 726; baseline -0.001 -20"><span class='ocrx_word' id='word_1_17' title='bbox 440 633 641 709; x_wconf 82' lang='lat' dir='ltr'>date.</span> <span class='ocrx_word' id='word_1_18' title='bbox 739 633 868 708; x_wconf 89' lang='lat' dir='ltr'>Tu</span> <span class='ocrx_word' id='word_1_19' title='bbox 900 651 1088 707; x_wconf 83' lang='lat' dir='ltr'>vero</span> <span class='ocrx_word' id='word_1_20' title='bbox 1135 628 1532 712; x_wconf 82' lang='lat' dir='ltr'>Domine,</span> <span class='ocrx_word' id='word_1_21' title='bbox 1567 629 1914 712; x_wconf 83' lang='lat' dir='ltr'>Domine</span> <span class='ocrx_word' id='word_1_22' title='bbox 1963 634 2198 718; x_wconf 86' lang='lat' dir='ltr'>Deus,</span> <span class='ocrx_word' id='word_1_23' title='bbox 2226 640 2411 726; x_wconf 69' lang='lat' dir='ltr'>mist.</span> 
     </span>
     <span class='ocr_line' id='line_1_5' title="bbox 435 723 2410 818; baseline 0.004 -17"><span class='ocrx_word' id='word_1_24' title='bbox 435 730 645 802; x_wconf 78' lang='lat' dir='ltr'>ricors</span> <span class='ocrx_word' id='word_1_25' title='bbox 672 780 693 810; x_wconf 87' lang='lat'>‚</span> <span class='ocrx_word' id='word_1_26' title='bbox 714 723 1045 818; x_wconf 73' lang='lat' dir='ltr'>&#39;beneficus</span> <span class='ocrx_word' id='word_1_27' title='bbox 1068 774 1091 810; x_wconf 93' lang='lat'>,</span> <span class='ocrx_word' id='word_1_28' title='bbox 1149 724 1278 801; x_wconf 82' lang='lat' dir='ltr'>leni</span> <span class='ocrx_word' id='word_1_29' title='bbox 1338 729 1555 804; x_wconf 80' lang='lat' dir='ltr'>animo</span> <span class='ocrx_word' id='word_1_30' title='bbox 1575 774 1598 809; x_wconf 91' lang='lat'>,</span> <span class='ocrx_word' id='word_1_31' title='bbox 1631 728 1940 816; x_wconf 80' lang='lat' dir='ltr'>immenfae</span> <span class='ocrx_word' id='word_1_32' title='bbox 1974 726 2284 807; x_wconf 74' lang='lat' dir='ltr'>bonitatis</span> <span class='ocrx_word' id='word_1_33' title='bbox 2330 761 2410 811; x_wconf 83' lang='lat' dir='ltr'>ac</span> 
     </span>
     <span class='ocr_line' id='line_1_6' title="bbox 434 818 2409 912; baseline 0.004 -15"><span class='ocrx_word' id='word_1_34' title='bbox 434 826 745 904; x_wconf 70' lang='lat' dir='ltr'>veritatis</span> <span class='ocrx_word' id='word_1_35' title='bbox 781 829 869 898; x_wconf 66' lang='lat'>&amp;-</span> <span class='ocrx_word' id='word_1_36' title='bbox 904 820 1065 912; x_wconf 78' lang='lat' dir='ltr'>fidei</span> <span class='ocrx_word' id='word_1_37' title='bbox 1079 872 1102 906; x_wconf 87' lang='lat'>,</span> <span class='ocrx_word' id='word_1_38' title='bbox 1135 840 1332 895; x_wconf 84' lang='lat' dir='ltr'><em>tenax</em></span> <span class='ocrx_word' id='word_1_39' title='bbox 1361 818 1667 895; x_wconf 74' lang='lat' dir='ltr'>bonitatis</span> <span class='ocrx_word' id='word_1_40' title='bbox 1702 825 1771 895; x_wconf 78' lang='lat' dir='ltr'>in</span> <span class='ocrx_word' id='word_1_41' title='bbox 1801 824 1971 900; x_wconf 80' lang='lat' dir='ltr'>mille</span> <span class='ocrx_word' id='word_1_42' title='bbox 2000 877 2023 906; x_wconf 90' lang='lat'>,</span> <span class='ocrx_word' id='word_1_43' title='bbox 2058 831 2409 905; x_wconf 81' lang='lat' dir='ltr'>condonans</span> 
     </span>
     <span class='ocr_line' id='line_1_7' title="bbox 429 916 2405 1024; baseline 0 -32"><span class='ocrx_word' id='word_1_44' title='bbox 429 922 848 1020; x_wconf 73' lang='lat' dir='ltr'>iniquitatem</span> <span class='ocrx_word' id='word_1_45' title='bbox 864 973 885 999; x_wconf 88' lang='lat'>,</span> <span class='ocrx_word' id='word_1_46' title='bbox 921 920 1457 1013; x_wconf 81' lang='lat' dir='ltr'>transgreffionem</span> <span class='ocrx_word' id='word_1_47' title='bbox 1504 921 1591 989; x_wconf 61' lang='grc' dir='ltr'>Θ·</span> <span class='ocrx_word' id='word_1_48' title='bbox 1625 936 1963 1014; x_wconf 55' lang='lat' dir='ltr'>peccatum</span> <span class='ocrx_word' id='word_1_49' title='bbox 1998 974 2022 1002; x_wconf 90' lang='lat'>,</span> <span class='ocrx_word' id='word_1_50' title='bbox 2092 941 2167 994; x_wconf 81' lang='lat' dir='ltr'>at</span> <span class='ocrx_word' id='word_1_51' title='bbox 2199 916 2405 1024; x_wconf 57' lang='lat' dir='ltr'>impuss.</span> 
     </span>
     <span class='ocr_line' id='line_1_8' title="bbox 427 1012 2401 1115; baseline 0.001 -26"><span class='ocrx_word' id='word_1_52' title='bbox 427 1020 572 1090; x_wconf 80' lang='lat' dir='ltr'>nita</span> <span class='ocrx_word' id='word_1_53' title='bbox 602 1018 869 1089; x_wconf 81' lang='lat' dir='ltr'>minime</span> <span class='ocrx_word' id='word_1_54' title='bbox 901 1015 1234 1086; x_wconf 76' lang='lat' dir='ltr'>dimittens</span> <span class='ocrx_word' id='word_1_55' title='bbox 1254 1062 1279 1097; x_wconf 90' lang='lat'>‚</span> <span class='ocrx_word' id='word_1_56' title='bbox 1313 1012 1582 1102; x_wconf 77' lang='lat' dir='ltr'>visitans</span> <span class='ocrx_word' id='word_1_57' title='bbox 1611 1017 2021 1111; x_wconf 77' lang='lat' dir='ltr'>iniquitatem</span> <span class='ocrx_word' id='word_1_58' title='bbox 2042 1034 2305 1115; x_wconf 83' lang='lat' dir='ltr'>patrum</span> <span class='ocrx_word' id='word_1_59' title='bbox 2333 1028 2401 1098; x_wconf 82' lang='lat' dir='ltr'>in</span> 
     </span>
    </p>

    <p class='ocr_par' dir='ltr' id='par_1_3' title="bbox 355 1106 2399 1500">
     <span class='ocr_line' id='line_1_9' title="bbox 355 1106 2399 1206; baseline 0.003 -20"><span class='ocrx_word' id='word_1_60' title='bbox 355 1145 361 1153; x_wconf 82' lang='lat'><em>·</em></span> <span class='ocrx_word' id='word_1_61' title='bbox 416 1107 592 1202; x_wconf 80' lang='lat' dir='ltr'>filiis</span> <span class='ocrx_word' id='word_1_62' title='bbox 622 1113 710 1187; x_wconf 62' lang='grc' dir='ltr'>Θ·</span> <span class='ocrx_word' id='word_1_63' title='bbox 751 1106 1100 1206; x_wconf 79' lang='lat' dir='ltr'><em>nepotibus.</em></span> <span class='ocrx_word' id='word_1_64' title='bbox 1202 1111 1335 1186; x_wconf 90' lang='lat' dir='ltr'>Tu</span> <span class='ocrx_word' id='word_1_65' title='bbox 1385 1111 1739 1189; x_wconf 86' lang='lat' dir='ltr'>Domine</span> <span class='ocrx_word' id='word_1_66' title='bbox 1787 1110 1935 1195; x_wconf 84' lang='lat' dir='ltr'>fac,</span> <span class='ocrx_word' id='word_1_67' title='bbox 1969 1116 2076 1190; x_wconf 85' lang='lat' dir='ltr'>ita</span> <span class='ocrx_word' id='word_1_68' title='bbox 2104 1114 2399 1197; x_wconf 82' lang='lat' dir='ltr'>deMo-</span> 
     </span>
     <span class='ocr_line' id='line_1_10' title="bbox 423 1206 2398 1307; baseline 0.004 -22"><span class='ocrx_word' id='word_1_69' title='bbox 423 1230 508 1288; x_wconf 88' lang='lat' dir='ltr'>ra</span> <span class='ocrx_word' id='word_1_70' title='bbox 546 1208 626 1286; x_wconf 72' lang='grc' dir='ltr'>δε</span> <span class='ocrx_word' id='word_1_71' title='bbox 674 1208 770 1286; x_wconf 88' lang='lat' dir='ltr'>de</span> <span class='ocrx_word' id='word_1_72' title='bbox 805 1207 988 1286; x_wconf 82' lang='lat' dir='ltr'>Eine</span> <span class='ocrx_word' id='word_1_73' title='bbox 1037 1206 1410 1307; x_wconf 81' lang='lat' dir='ltr'>eloquar,</span> <span class='ocrx_word' id='word_1_74' title='bbox 1443 1222 1534 1282; x_wconf 89' lang='lat' dir='ltr'>ut</span> <span class='ocrx_word' id='word_1_75' title='bbox 1581 1207 2169 1288; x_wconf 81' lang='lat' dir='ltr'>incontaminati</span> <span class='ocrx_word' id='word_1_76' title='bbox 2201 1237 2243 1289; x_wconf 87' lang='lat' dir='ltr'>a</span> <span class='ocrx_word' id='word_1_77' title='bbox 2274 1208 2398 1298; x_wconf 82' lang='lat' dir='ltr'>Te</span> 
     </span>
     <span class='ocr_line' id='line_1_11' title="bbox 420 1298 2393 1414; baseline -0.003 -32"><span class='ocrx_word' id='word_1_78' title='bbox 420 1306 503 1383; x_wconf 90' lang='lat' dir='ltr'>in</span> <span class='ocrx_word' id='word_1_79' title='bbox 531 1325 741 1400; x_wconf 51' lang='lat' dir='ltr'>*pace</span> <span class='ocrx_word' id='word_1_80' title='bbox 774 1305 1279 1404; x_wconf 82' lang='lat' dir='ltr'>reperiamur,</span> <span class='ocrx_word' id='word_1_81' title='bbox 1350 1298 1833 1399; x_wconf 88' lang='lat' dir='ltr'>Dominique</span> <span class='ocrx_word' id='word_1_82' title='bbox 1861 1303 2097 1385; x_wconf 87' lang='lat' dir='ltr'>nostri</span> <span class='ocrx_word' id='word_1_83' title='bbox 2131 1310 2393 1414; x_wconf 83' lang='lat' dir='ltr'>longa..</span> 
     </span>
     <span class='ocr_line' id='line_1_12' title="bbox 419 1397 1892 1500; baseline -0.007 -19"><span class='ocrx_word' id='word_1_84' title='bbox 419 1401 859 1482; x_wconf 84' lang='lat' dir='ltr'>nimitatem</span> <span class='ocrx_word' id='word_1_85' title='bbox 888 1397 1203 1477; x_wconf 87' lang='lat' dir='ltr'>salutem</span> <span class='ocrx_word' id='word_1_86' title='bbox 1242 1414 1713 1500; x_wconf 88' lang='lat' dir='ltr'>reputemus.</span> <span class='ocrx_word' id='word_1_87' title='bbox 1885 1419 1892 1425; x_wconf 91' lang='lat'><strong>·</strong></span> 
     </span>
    </p>
   </div>
   <div class='ocr_carea' id='block_1_3' title="bbox 344 1558 2482 2228">
    <p class='ocr_par' dir='ltr' id='par_1_4' title="bbox 344 1558 2482 2228">
     <span class='ocr_line' id='line_1_13' title="bbox 344 1558 2383 1665; baseline 0.003 -22"><span class='ocrx_word' id='word_1_88' title='bbox 344 1626 351 1661; x_wconf 52' lang='lat'><em>5</em></span> <span class='ocrx_word' id='word_1_89' title='bbox 510 1564 836 1643; x_wconf 88' lang='lat' dir='ltr'>MORA</span> <span class='ocrx_word' id='word_1_90' title='bbox 886 1558 1139 1638; x_wconf 87' lang='lat' dir='ltr'>FINIS</span> <span class='ocrx_word' id='word_1_91' title='bbox 1167 1609 1191 1643; x_wconf 93' lang='lat'>,</span> <span class='ocrx_word' id='word_1_92' title='bbox 1258 1561 1359 1638; x_wconf 86' lang='lat' dir='ltr'>de</span> <span class='ocrx_word' id='word_1_93' title='bbox 1417 1581 1570 1665; x_wconf 87' lang='lat' dir='ltr'>qua</span> <span class='ocrx_word' id='word_1_94' title='bbox 1629 1558 1963 1659; x_wconf 82' lang='lat' dir='ltr'>primum</span> <span class='ocrx_word' id='word_1_95' title='bbox 2025 1564 2223 1660; x_wconf 85' lang='lat' dir='ltr'>mihi</span> <span class='ocrx_word' id='word_1_96' title='bbox 2278 1569 2383 1650; x_wconf 91' lang='lat' dir='ltr'>di-</span> 
     </span>
     <span class='ocr_line' id='line_1_14' title="bbox 412 1655 2381 1767; baseline -0.004 -28"><span class='ocrx_word' id='word_1_97' title='bbox 412 1662 748 1738; x_wconf 78' lang='lat' dir='ltr'>cendum</span> <span class='ocrx_word' id='word_1_98' title='bbox 778 1655 929 1741; x_wconf 71' lang='lat' dir='ltr'>est,</span> <span class='ocrx_word' id='word_1_99' title='bbox 977 1655 1481 1767; x_wconf 72' lang='lat' dir='ltr'>quaestionem</span> <span class='ocrx_word' id='word_1_100' title='bbox 1520 1657 1775 1746; x_wconf 86' lang='lat' dir='ltr'>habet,</span> <span class='ocrx_word' id='word_1_101' title='bbox 1811 1680 1948 1735; x_wconf 89' lang='lat' dir='ltr'>cur</span> <span class='ocrx_word' id='word_1_102' title='bbox 1971 1660 2183 1738; x_wconf 86' lang='lat' dir='ltr'>Deus</span> <span class='ocrx_word' id='word_1_103' title='bbox 2213 1664 2381 1765; x_wconf 87' lang='lat' dir='ltr'>Op..</span> 
     </span>
     <span class='ocr_line' id='line_1_15' title="bbox 411 1751 2382 1844; baseline 0.003 -12"><span class='ocrx_word' id='word_1_104' title='bbox 411 1757 649 1833; x_wconf 85' lang='lat' dir='ltr'>timus</span> <span class='ocrx_word' id='word_1_105' title='bbox 690 1757 1071 1833; x_wconf 84' lang='lat' dir='ltr'>Maximus</span> <span class='ocrx_word' id='word_1_106' title='bbox 1103 1771 1264 1831; x_wconf 87' lang='lat' dir='ltr'>tam</span> <span class='ocrx_word' id='word_1_107' title='bbox 1294 1752 1673 1844; x_wconf 66' lang='lat' dir='ltr'>judicium</span> <span class='ocrx_word' id='word_1_108' title='bbox 1712 1751 2049 1832; x_wconf 88' lang='lat' dir='ltr'>suumin</span> <span class='ocrx_word' id='word_1_109' title='bbox 2075 1757 2382 1840; x_wconf 82' lang='lat' dir='ltr'>scelera-</span> 
     </span>
     <span class='ocr_line' id='line_1_16' title="bbox 408 1851 2385 1948; baseline 0.003 -17"><span class='ocrx_word' id='word_1_110' title='bbox 408 1871 675 1932; x_wconf 86' lang='lat' dir='ltr'>torum</span> <span class='ocrx_word' id='word_1_111' title='bbox 710 1871 1086 1934; x_wconf 86' lang='lat' dir='ltr'>turmam,</span> <span class='ocrx_word' id='word_1_112' title='bbox 1124 1871 1363 1948; x_wconf 86' lang='lat' dir='ltr'>quam</span> <span class='ocrx_word' id='word_1_113' title='bbox 1406 1851 2117 1948; x_wconf 82' lang='lat' dir='ltr'>compensationem</span> <span class='ocrx_word' id='word_1_114' title='bbox 2146 1856 2226 1933; x_wconf 75' lang='grc' dir='ltr'>δε</span> <span class='ocrx_word' id='word_1_115' title='bbox 2248 1878 2385 1938; x_wconf 81' lang='lat' dir='ltr'>co-</span> 
     </span>
     <span class='ocr_line' id='line_1_17' title="bbox 402 1945 2380 2046; baseline 0.002 -21"><span class='ocrx_word' id='word_1_116' title='bbox 402 1969 637 2026; x_wconf 82' lang='lat' dir='ltr'>ronas</span> <span class='ocrx_word' id='word_1_117' title='bbox 670 1950 754 2027; x_wconf 89' lang='lat' dir='ltr'>in</span> <span class='ocrx_word' id='word_1_118' title='bbox 793 1945 1144 2027; x_wconf 76' lang='lat' dir='ltr'>fidelium</span> <span class='ocrx_word' id='word_1_119' title='bbox 1177 1967 1491 2046; x_wconf 84' lang='lat' dir='ltr'>gregem</span> <span class='ocrx_word' id='word_1_120' title='bbox 1542 1968 1698 2025; x_wconf 86' lang='lat' dir='ltr'>tam</span> <span class='ocrx_word' id='word_1_121' title='bbox 1749 1948 1883 2041; x_wconf 76' lang='lat' dir='ltr'>diu</span> <span class='ocrx_word' id='word_1_122' title='bbox 1919 1948 2259 2039; x_wconf 85' lang='lat' dir='ltr'>differat,</span> <span class='ocrx_word' id='word_1_123' title='bbox 2292 1972 2380 2032; x_wconf 89' lang='lat' dir='ltr'>ur</span> 
     </span>
     <span class='ocr_line' id='line_1_18' title="bbox 398 2039 2482 2151; baseline 0.002 -27"><span class='ocrx_word' id='word_1_124' title='bbox 398 2047 483 2124; x_wconf 88' lang='lat' dir='ltr'>in</span> <span class='ocrx_word' id='word_1_125' title='bbox 526 2047 775 2129; x_wconf 82' lang='lat' dir='ltr'>oculis</span> <span class='ocrx_word' id='word_1_126' title='bbox 825 2044 1273 2122; x_wconf 86' lang='lat' dir='ltr'>mortalium</span> <span class='ocrx_word' id='word_1_127' title='bbox 1316 2065 1557 2121; x_wconf 80' lang='lat' dir='ltr'>morae</span> <span class='ocrx_word' id='word_1_128' title='bbox 1605 2039 1814 2149; x_wconf 60' lang='lat' dir='ltr'>istius</span> <span class='ocrx_word' id='word_1_129' title='bbox 1864 2046 2118 2125; x_wconf 89' lang='lat' dir='ltr'>nullus</span> <span class='ocrx_word' id='word_1_130' title='bbox 2149 2068 2377 2151; x_wconf 84' lang='lat' dir='ltr'>appa·</span> <span class='ocrx_word' id='word_1_131' title='bbox 2477 2094 2482 2101; x_wconf 89' lang='lat'>·</span> 
     </span>
     <span class='ocr_line' id='line_1_19' title="bbox 401 2135 1469 2228; baseline -0.008 -3"><span class='ocrx_word' id='word_1_132' title='bbox 401 2152 562 2225; x_wconf 78' lang='lat' dir='ltr'>reat</span> <span class='ocrx_word' id='word_1_133' title='bbox 596 2166 742 2224; x_wconf 85' lang='lat' dir='ltr'>nec</span> <span class='ocrx_word' id='word_1_134' title='bbox 774 2141 1060 2222; x_wconf 90' lang='lat' dir='ltr'>modus</span> <span class='ocrx_word' id='word_1_135' title='bbox 1091 2148 1241 2218; x_wconf 85' lang='lat' dir='ltr'>nec</span> <span class='ocrx_word' id='word_1_136' title='bbox 1269 2135 1469 2228; x_wconf 80' lang='lat' dir='ltr'>finis.</span> 
     </span>
    </p>
   </div>
   <div class='ocr_carea' id='block_1_4' title="bbox 1099 382 2422 419">
    <p class='ocr_par' dir='ltr' id='par_1_5' title="bbox 1099 382 2422 419">
     <span class='ocr_line' id='line_1_20' title="bbox 1099 382 2422 419; baseline 0 3907"><span class='ocrx_word' id='word_1_137' title='bbox 1099 382 2422 419; x_wconf 95' lang='lat' dir='ltr'> </span> 
     </span>
    </p>
   </div>
   <div class='ocr_carea' id='block_1_5' title="bbox 360 2300 2372 3847">
    <p class='ocr_par' dir='ltr' id='par_1_6' title="bbox 366 2300 2372 3546">
     <span class='ocr_line' id='line_1_21' title="bbox 390 2300 2372 2407; baseline 0.001 -19"><span class='ocrx_word' id='word_1_138' title='bbox 390 2317 409 2372; x_wconf 82' lang='grc'>“-</span> <span class='ocrx_word' id='word_1_139' title='bbox 496 2308 729 2389; x_wconf 85' lang='lat' dir='ltr'>Mora</span> <span class='ocrx_word' id='word_1_140' title='bbox 768 2307 962 2385; x_wconf 88' lang='lat' dir='ltr'>Finis</span> <span class='ocrx_word' id='word_1_141' title='bbox 983 2351 1009 2388; x_wconf 88' lang='lat'>,</span> <span class='ocrx_word' id='word_1_142' title='bbox 1079 2322 1334 2400; x_wconf 80' lang='lat' dir='ltr'>quam,</span> <span class='ocrx_word' id='word_1_143' title='bbox 1361 2300 1794 2386; x_wconf 79' lang='lat' dir='ltr'>Christiana</span> <span class='ocrx_word' id='word_1_144' title='bbox 1857 2307 2199 2407; x_wconf 85' lang='lat' dir='ltr'>priorum</span> <span class='ocrx_word' id='word_1_145' title='bbox 2250 2308 2372 2389; x_wconf 74' lang='lat' dir='ltr'>sat-</span> 
     </span>
     <span class='ocr_line' id='line_1_22' title="bbox 397 2396 2367 2492; baseline -0.001 -7"><span class='ocrx_word' id='word_1_146' title='bbox 397 2410 759 2485; x_wconf 75' lang='lat' dir='ltr'>culorum</span> <span class='ocrx_word' id='word_1_147' title='bbox 797 2396 1114 2479; x_wconf 46' lang='lat' dir='ltr'>ecclcfia*</span> <span class='ocrx_word' id='word_1_148' title='bbox 1184 2422 1230 2477; x_wconf 86' lang='lat' dir='ltr'>a</span> <span class='ocrx_word' id='word_1_149' title='bbox 1272 2397 1457 2480; x_wconf 82' lang='lat' dir='ltr'>Deo</span> <span class='ocrx_word' id='word_1_150' title='bbox 1483 2452 1506 2481; x_wconf 85' lang='lat'>‚</span> <span class='ocrx_word' id='word_1_151' title='bbox 1557 2419 1642 2477; x_wconf 89' lang='lat' dir='ltr'>ut</span> <span class='ocrx_word' id='word_1_152' title='bbox 1688 2423 1878 2480; x_wconf 85' lang='lat' dir='ltr'>mox</span> <span class='ocrx_word' id='word_1_153' title='bbox 1925 2406 2367 2492; x_wconf 71' lang='lat' dir='ltr'>audiemus,</span> 
     </span>
     <span class='ocr_line' id='line_1_23' title="bbox 390 2493 2364 2602; baseline 0 -24"><span class='ocrx_word' id='word_1_154' title='bbox 390 2505 644 2583; x_wconf 88' lang='lat' dir='ltr'>oravit</span> <span class='ocrx_word' id='word_1_155' title='bbox 680 2505 759 2580; x_wconf 77' lang='grc' dir='ltr'>ὅτ.</span> <span class='ocrx_word' id='word_1_156' title='bbox 785 2496 1170 2581; x_wconf 75' lang='lat' dir='ltr'>exoravit,</span> <span class='ocrx_word' id='word_1_157' title='bbox 1202 2493 1565 2593; x_wconf 72' lang='lat' dir='ltr'>aliquem</span> <span class='ocrx_word' id='word_1_158' title='bbox 1623 2499 1969 2593; x_wconf 84' lang='lat' dir='ltr'>priorum</span> <span class='ocrx_word' id='word_1_159' title='bbox 2015 2501 2094 2578; x_wconf 69' lang='grc' dir='ltr'>ὅ(</span> <span class='ocrx_word' id='word_1_160' title='bbox 2139 2503 2364 2602; x_wconf 89' lang='lat' dir='ltr'>Apo-</span> 
     </span>
     <span class='ocr_line' id='line_1_24' title="bbox 387 2593 2363 2695; baseline -0.003 -13"><span class='ocrx_word' id='word_1_161' title='bbox 387 2596 847 2682; x_wconf 86' lang='lat' dir='ltr'>stolicorum</span> <span class='ocrx_word' id='word_1_162' title='bbox 899 2593 1219 2695; x_wconf 83' lang='lat' dir='ltr'>quidem</span> <span class='ocrx_word' id='word_1_163' title='bbox 1281 2609 1439 2668; x_wconf 87' lang='lat' dir='ltr'>tem</span> <span class='ocrx_word' id='word_1_164' title='bbox 1495 2615 1723 2670; x_wconf 91' lang='lat' dir='ltr'>orum</span> <span class='ocrx_word' id='word_1_165' title='bbox 1770 2615 2112 2682; x_wconf 76' lang='lat' dir='ltr'>errorem</span> <span class='ocrx_word' id='word_1_166' title='bbox 2178 2621 2363 2695; x_wconf 73' lang='lat' dir='ltr'>prae-</span> 
     </span>
     <span class='ocr_line' id='line_1_25' title="bbox 382 2688 2361 2797; baseline 0.001 -26"><span class='ocrx_word' id='word_1_167' title='bbox 382 2694 784 2797; x_wconf 83' lang='lat' dir='ltr'>supponit,</span> <span class='ocrx_word' id='word_1_168' title='bbox 817 2713 981 2769; x_wconf 91' lang='lat' dir='ltr'>non</span> <span class='ocrx_word' id='word_1_169' title='bbox 1018 2711 1202 2768; x_wconf 84' lang='lat' dir='ltr'>eum</span> <span class='ocrx_word' id='word_1_170' title='bbox 1274 2690 1411 2792; x_wconf 90' lang='lat' dir='ltr'>qui</span> <span class='ocrx_word' id='word_1_171' title='bbox 1468 2712 1597 2765; x_wconf 92' lang='lat' dir='ltr'>em</span> <span class='ocrx_word' id='word_1_172' title='bbox 1643 2688 2361 2784; x_wconf 70' lang='lat' dir='ltr'>fundamentalem,</span> 
     </span>
     <span class='ocr_line' id='line_1_26' title="bbox 380 2785 2357 2883; baseline 0 -16"><span class='ocrx_word' id='word_1_173' title='bbox 380 2790 765 2880; x_wconf 68' lang='lat' dir='ltr'>‘ejusmodi</span> <span class='ocrx_word' id='word_1_174' title='bbox 800 2808 1126 2871; x_wconf 74' lang='lat' dir='ltr'>tamen,</span> <span class='ocrx_word' id='word_1_175' title='bbox 1155 2796 1240 2860; x_wconf 91' lang='lat' dir='ltr'>ut</span> <span class='ocrx_word' id='word_1_176' title='bbox 1306 2786 1443 2883; x_wconf 88' lang='lat' dir='ltr'>qui</span> <span class='ocrx_word' id='word_1_177' title='bbox 1513 2808 1615 2865; x_wconf 90' lang='lat' dir='ltr'>co</span> <span class='ocrx_word' id='word_1_178' title='bbox 1694 2785 2039 2870; x_wconf 86' lang='lat' dir='ltr'>imbutus</span> <span class='ocrx_word' id='word_1_179' title='bbox 2096 2787 2276 2868; x_wconf 81' lang='lat' dir='ltr'>effet</span> <span class='ocrx_word' id='word_1_180' title='bbox 2328 2841 2357 2875; x_wconf 87' lang='lat'>,</span> 
     </span>
     <span class='ocr_line' id='line_1_27' title="bbox 377 2878 2360 2982; baseline 0.001 -21"><span class='ocrx_word' id='word_1_181' title='bbox 377 2889 650 2965; x_wconf 86' lang='lat' dir='ltr'>multis</span> <span class='ocrx_word' id='word_1_182' title='bbox 717 2886 879 2966; x_wconf 85' lang='lat' dir='ltr'>aliis</span> <span class='ocrx_word' id='word_1_183' title='bbox 943 2882 1014 2965; x_wconf 87' lang='lat' dir='ltr'>se</span> <span class='ocrx_word' id='word_1_184' title='bbox 1102 2880 1548 2977; x_wconf 86' lang='lat' dir='ltr'>implicaret.</span> <span class='ocrx_word' id='word_1_185' title='bbox 1655 2878 2021 2982; x_wconf 90' lang='lat' dir='ltr'>Apostoli</span> <span class='ocrx_word' id='word_1_186' title='bbox 2077 2883 2360 2965; x_wconf 86' lang='lat' dir='ltr'>scilicet</span> 
     </span>
     <span class='ocr_line' id='line_1_28' title="bbox 378 2973 2354 3068; baseline 0 -9"><span class='ocrx_word' id='word_1_187' title='bbox 378 2980 713 3060; x_wconf 88' lang='lat' dir='ltr'>Domini</span> <span class='ocrx_word' id='word_1_188' title='bbox 736 2985 850 3060; x_wconf 22' lang='lat' dir='ltr'>fa&#39;c</span> <span class='ocrx_word' id='word_1_189' title='bbox 863 2980 1281 3059; x_wconf 77' lang='lat' dir='ltr'>servatoris</span> <span class='ocrx_word' id='word_1_190' title='bbox 1315 2973 1562 3057; x_wconf 77' lang='lat' dir='ltr'>nostri</span> <span class='ocrx_word' id='word_1_191' title='bbox 1580 2977 1756 3068; x_wconf 90' lang='lat' dir='ltr'>Jesu</span> <span class='ocrx_word' id='word_1_192' title='bbox 1786 2976 2066 3060; x_wconf 86' lang='lat' dir='ltr'>Christi</span> <span class='ocrx_word' id='word_1_193' title='bbox 2089 2983 2354 3060; x_wconf 79' lang='lat' dir='ltr'>crede-</span> 
     </span>
     <span class='ocr_line' id='line_1_29' title="bbox 379 3072 2351 3177; baseline 0 -19"><span class='ocrx_word' id='word_1_194' title='bbox 379 3081 568 3158; x_wconf 83' lang='lat' dir='ltr'>bant</span> <span class='ocrx_word' id='word_1_195' title='bbox 598 3076 839 3156; x_wconf 89' lang='lat' dir='ltr'>finem</span> <span class='ocrx_word' id='word_1_196' title='bbox 886 3096 1119 3177; x_wconf 42' lang='lat' dir='ltr'>atquew</span> <span class='ocrx_word' id='word_1_197' title='bbox 1182 3072 1562 3151; x_wconf 85' lang='lat' dir='ltr'>excidium</span> <span class='ocrx_word' id='word_1_198' title='bbox 1612 3075 2351 3172; x_wconf 85' lang='lat' dir='ltr'>Hierosolymorum</span> 
     </span>
     <span class='ocr_line' id='line_1_30' title="bbox 374 3167 2348 3275; baseline -0.001 -22"><span class='ocrx_word' id='word_1_199' title='bbox 374 3186 562 3253; x_wconf 82' lang='lat' dir='ltr'>cum</span> <span class='ocrx_word' id='word_1_200' title='bbox 609 3172 766 3256; x_wconf 80' lang='lat' dir='ltr'>fine</span> <span class='ocrx_word' id='word_1_201' title='bbox 792 3193 1023 3275; x_wconf 87' lang='lat' dir='ltr'>atque</span> <span class='ocrx_word' id='word_1_202' title='bbox 1071 3167 1746 3274; x_wconf 83' lang='lat' dir='ltr'>consummatione</span> <span class='ocrx_word' id='word_1_203' title='bbox 1778 3171 2018 3250; x_wconf 84' lang='lat' dir='ltr'>saeculi</span> <span class='ocrx_word' id='word_1_204' title='bbox 2065 3174 2167 3249; x_wconf 88' lang='lat' dir='ltr'>ita</span> <span class='ocrx_word' id='word_1_205' title='bbox 2200 3172 2348 3252; x_wconf 79' lang='lat' dir='ltr'>effe</span> 
     </span>
     <span class='ocr_line' id='line_1_31' title="bbox 371 3264 2349 3371; baseline -0.002 -22"><span class='ocrx_word' id='word_1_206' title='bbox 371 3272 874 3364; x_wconf 67' lang='lat' dir='ltr'>coniunctum</span> <span class='ocrx_word' id='word_1_207' title='bbox 893 3319 918 3357; x_wconf 89' lang='lat'>,</span> <span class='ocrx_word' id='word_1_208' title='bbox 960 3286 1046 3345; x_wconf 90' lang='lat' dir='ltr'>ut</span> <span class='ocrx_word' id='word_1_209' title='bbox 1076 3264 1287 3343; x_wconf 87' lang='lat' dir='ltr'>nulla</span> <span class='ocrx_word' id='word_1_210' title='bbox 1317 3267 1511 3350; x_wconf 87' lang='lat' dir='ltr'>inter</span> <span class='ocrx_word' id='word_1_211' title='bbox 1540 3285 1954 3365; x_wconf 87' lang='lat' dir='ltr'>utrumque</span> <span class='ocrx_word' id='word_1_212' title='bbox 1976 3321 2000 3351; x_wconf 79' lang='lat'>,</span> <span class='ocrx_word' id='word_1_213' title='bbox 2036 3287 2169 3347; x_wconf 83' lang='lat' dir='ltr'>aut</span> <span class='ocrx_word' id='word_1_214' title='bbox 2211 3293 2349 3371; x_wconf 75' lang='lat' dir='ltr'>per</span> 
     </span>
     <span class='ocr_line' id='line_1_32' title="bbox 372 3360 2343 3468; baseline -0.002 -21"><span class='ocrx_word' id='word_1_215' title='bbox 372 3369 646 3468; x_wconf 85' lang='lat' dir='ltr'>exigua</span> <span class='ocrx_word' id='word_1_216' title='bbox 688 3390 914 3445; x_wconf 85' lang='lat' dir='ltr'>mora</span> <span class='ocrx_word' id='word_1_217' title='bbox 952 3364 1201 3441; x_wconf 86' lang='lat' dir='ltr'>futura</span> <span class='ocrx_word' id='word_1_218' title='bbox 1238 3360 1346 3440; x_wconf 85' lang='lat' dir='ltr'>fit.</span> <span class='ocrx_word' id='word_1_219' title='bbox 1442 3366 1530 3443; x_wconf 86' lang='lat' dir='ltr'>ln</span> <span class='ocrx_word' id='word_1_220' title='bbox 1576 3363 1738 3442; x_wconf 86' lang='lat' dir='ltr'>hoc</span> <span class='ocrx_word' id='word_1_221' title='bbox 1774 3385 2031 3445; x_wconf 83' lang='lat' dir='ltr'>errore</span> <span class='ocrx_word' id='word_1_222' title='bbox 2067 3385 2154 3442; x_wconf 87' lang='lat' dir='ltr'>ut</span> <span class='ocrx_word' id='word_1_223' title='bbox 2178 3392 2343 3446; x_wconf 83' lang='lat' dir='ltr'>ver-</span> 
     </span>
     <span class='ocr_line' id='line_1_33' title="bbox 366 3458 2342 3546; baseline 0.001 -6"><span class='ocrx_word' id='word_1_224' title='bbox 366 3464 705 3543; x_wconf 85' lang='lat' dir='ltr'>sarentur</span> <span class='ocrx_word' id='word_1_225' title='bbox 739 3466 941 3542; x_wconf 85' lang='lat' dir='ltr'>male</span> <span class='ocrx_word' id='word_1_226' title='bbox 971 3458 1349 3538; x_wconf 72' lang='lat' dir='ltr'>intellesta</span> <span class='ocrx_word' id='word_1_227' title='bbox 1395 3459 1851 3546; x_wconf 87' lang='lat' dir='ltr'>ultimorum</span> <span class='ocrx_word' id='word_1_228' title='bbox 1889 3464 2158 3539; x_wconf 78' lang='lat' dir='ltr'>veteris</span> <span class='ocrx_word' id='word_1_229' title='bbox 2190 3467 2342 3541; x_wconf 88' lang='lat' dir='ltr'>Te-</span> 
     </span>
    </p>

    <p class='ocr_par' dir='ltr' id='par_1_7' title="bbox 363 3553 2335 3653">
     <span class='ocr_line' id='line_1_34' title="bbox 363 3553 2335 3653; baseline 0.002 -18"><span class='ocrx_word' id='word_1_230' title='bbox 363 3553 761 3646; x_wconf 89' lang='lat' dir='ltr'>stamenti,</span> <span class='ocrx_word' id='word_1_231' title='bbox 790 3555 1190 3640; x_wconf 84' lang='lat' dir='ltr'>Malachiae</span> <span class='ocrx_word' id='word_1_232' title='bbox 1253 3557 1746 3652; x_wconf 77' lang='lat' dir='ltr'>cumprimis,</span> <span class='ocrx_word' id='word_1_233' title='bbox 1781 3556 2335 3653; x_wconf 82' lang='lat' dir='ltr'>prophetarum</span> 
     </span>
    </p>

    <p class='ocr_par' dir='ltr' id='par_1_8' title="bbox 360 3650 2333 3736">
     <span class='ocr_line' id='line_1_35' title="bbox 360 3650 2333 3736; baseline 0.001 -4"><span class='ocrx_word' id='word_1_234' title='bbox 360 3658 718 3734; x_wconf 85' lang='lat' dir='ltr'>vaticinia</span> <span class='ocrx_word' id='word_1_235' title='bbox 745 3658 919 3736; x_wconf 87' lang='lat' dir='ltr'>illos</span> <span class='ocrx_word' id='word_1_236' title='bbox 944 3651 1301 3734; x_wconf 84' lang='lat' dir='ltr'>induxiffe</span> <span class='ocrx_word' id='word_1_237' title='bbox 1319 3650 1695 3731; x_wconf 89' lang='lat' dir='ltr'>videntur.</span> <span class='ocrx_word' id='word_1_238' title='bbox 1748 3653 1942 3730; x_wconf 77' lang='lat' dir='ltr'>Sunt</span> <span class='ocrx_word' id='word_1_239' title='bbox 1969 3655 2176 3733; x_wconf 90' lang='lat' dir='ltr'>enim</span> <span class='ocrx_word' id='word_1_240' title='bbox 2200 3657 2333 3734; x_wconf 74' lang='lat' dir='ltr'>illa</span> 
     </span>
    </p>

    <p class='ocr_par' dir='ltr' id='par_1_9' title="bbox 360 3746 2335 3847">
     <span class='ocr_line' id='line_1_36' title="bbox 360 3746 2335 3847; baseline 0.003 -23"><span class='ocrx_word' id='word_1_241' title='bbox 360 3748 469 3827; x_wconf 83' lang='lat' dir='ltr'>ita</span> <span class='ocrx_word' id='word_1_242' title='bbox 516 3748 927 3831; x_wconf 83' lang='lat' dir='ltr'>constituta</span> <span class='ocrx_word' id='word_1_243' title='bbox 974 3753 1059 3831; x_wconf 84' lang='lat' dir='ltr'>ut</span> <span class='ocrx_word' id='word_1_244' title='bbox 1094 3750 1352 3846; x_wconf 76' lang='lat' dir='ltr'>primo</span> <span class='ocrx_word' id='word_1_245' title='bbox 1439 3746 1735 3847; x_wconf 75' lang='lat' dir='ltr'>aspectu</span> <span class='ocrx_word' id='word_1_246' title='bbox 1784 3750 1862 3829; x_wconf 72' lang='grc' dir='ltr'>δε</span> <span class='ocrx_word' id='word_1_247' title='bbox 1908 3771 2072 3842; x_wconf 75' lang='lat' dir='ltr'>non</span> <span class='ocrx_word' id='word_1_248' title='bbox 2132 3751 2335 3829; x_wconf 86' lang='lat' dir='ltr'>benc</span> 
     </span>
    </p>
   </div>
   <div class='ocr_carea' id='block_1_6' title="bbox 386 3846 2329 3942">
    <p class='ocr_par' dir='ltr' id='par_1_10' title="bbox 386 3846 2329 3942">
     <span class='ocr_line' id='line_1_37' title="bbox 386 3846 2329 3942; baseline -0.015 0"><span class='ocrx_word' id='word_1_249' title='bbox 386 3939 391 3942; x_wconf 77' lang='grc'>.</span> <span class='ocrx_word' id='word_1_250' title='bbox 2212 3846 2329 3925; x_wconf 79' lang='lat' dir='ltr'>di..</span> 
     </span>
    </p>
   </div>
  </div>
 </body>
</html>
