2590 4326
379 176 636 324 χ338.
1138 156 1760 273 ἒεῖτ(ἳέἒ

470 353 606 428 bus
647 346 975 427 succensa
1013 345 1120 422 nil
1172 343 1307 421 nifi
1347 344 1672 422 flammas
1737 362 2055 423 vomunt
2080 404 2101 434 ‚
2150 351 2226 424 &
2271 348 2449 426 saevo

475 447 637 524 ense
679 445 845 522 illos
899 446 1177 520 acutius
1214 439 1696 543 proscindunt
1713 498 1732 528 ‚
1815 442 1957 518 illis
2006 443 2172 521 alias
2213 445 2451 523 forent

475 541 982 621 intolerabiles,
1051 538 1208 619 -Ast
1253 538 1651 640 exspectata
1682 541 1758 614 &
1778 538 1993 641 avida
2051 540 2179 640 spe·
2229 543 2450 620 devo-

386 680 388 685 <
477 655 624 718 rata
657 663 817 740 quae
857 641 1015 714 citis
1061 640 1279 714 etiam
1320 633 1630 736 passibus
1673 635 1963 713 advolat
1978 693 1999 725 ,
2057 637 2320 715 mortis
2383 642 2450 716 ἃ

473 739 700 814 beatae
730 734 1080 809 ἀναλύσεως
1111 734 1290 810 hora
1307 790 1327 820 ‚
1382 757 1607 834 quam
1640 735 1830 810 votis
1881 731 2021 810 suis
2073 759 2165 811 eo
2201 737 2453 812 arden-

479 838 621 912 tius
657 832 1057 910 accelerant
1078 889 1101 919 ,
1187 853 1342 932 quo
1386 831 1572 906 mala
1647 826 1943 908 fort‘una
1973 834 2050 907 in
2100 832 2240 908 illis
2272 837 2452 910 vires

474 931 628 1008 fuas
671 931 1040 1030 experitur
1073 927 1436 1015 audaciuS,
1464 926 1620 1004 haec
1652 929 1901 1009 omnia
1934 931 2208 1004 mirum
2231 954 2450 1030 quan-

479 1042 642 1104 tum
675 1029 997 1125 mitigat,
1059 1027 1135 1104 ὃς
1169 1024 1385 1101 dulce
1432 1025 1568 1099 illis
1611 1024 1949 1117 laborum
1984 1025 2321 1102 levamen
2335 1027 2448 1103 est.

482 1122 691 1202 Olim
750 1122 932 1200 olim
959 1147 1117 1199 non
1152 1118 1250 1198 fic
1283 1123 1462 1208 erit,
1506 1123 1678 1216 quod
1708 1124 1852 1219 ficit
1893 1124 2126 1195 durum
2164 1133 2335 1220 pati,
2376 1127 2452 1198 il-

476 1225 593 1296 lud
622 1230 746 1295 erit
764 1217 1089 1318 memmtffi
1122 1220 1317 1294 dulce.
1419 1217 1537 1295 Sic
1582 1218 1689 1294 illi
1726 1217 2029 1295 infelicis
2069 1220 2207 1296 ‘am
2229 1221 2451 1297 fortu-

478 1343 590 1396 nae
632 1342 847 1394 exem
900 1315 968 1392 la
1007 1316 1172 1392 iacti
1195 1371 1215 1402 ‚
1266 1314 1512 1392 secum
1528 1339 1700 1392 reco
1761 1317 1973 1402 tant,
2054 1340 2123 1392 ic
2164 1317 2451 1393 fractam

482 1415 864 1493 calamitati
913 1436 998 1488 us
1027 1422 1353 1487 mentem
1377 1415 1689 1500 erigunt,
1829 1415 2049 1488 animi
2099 1416 2336 1489 nubes
2375 1439 2450 1490 ac

478 1511 774 1589 nebulas
852 1509 987 1584 hac
1039 1511 1254 1584 bonae
1291 1506 1453 1607 spei
1479 1491 1752 1584 ᾘοιιΙειν
1791 1507 2199 1609 dispellunt;
2302 1510 2449 1588 Vo-

481 1608 673 1683 cabit
729 1604 820 1682 ad
867 1605 1147 1704 pileum
1241 1603 1628 1705 aliquando
1672 1603 1885 1681 Deus*
1934 1668 1935 1671 a
1970 1609 2446 1707 compeditos,

477 1705 856 1801 Absterge't
938 1701 1340 1799 lachrymas
1397 1756 1416 1786 ,
1519 1703 1780 1800 quibus
1832 1698 1944 1780 Os
2017 1701 2143 1778 fibi
2216 1719 2450 1781 totum

480 1798 810 1900 implevit
844 1820 1145 1912 gemens
1173 1794 1458 1874 ,Christi
1499 1796 1776 1896 sponsa.
1822 1861 1835 1875 .
1879 1797 2278 1901 Ceffabunt
2330 1827 2450 1901 pe-

478 1897 676 1972 &ore
721 1897 808 1978 ab
855 1919 1010 1970 uno
1069 1897 1384 1994 gemitus
1443 1909 1657 1994 atque
1702 1893 2054 1995 fingultus
2103 1952 2126 1982 ,
2188 1902 2446 1998 quibus

479 1993 600 2073 ilia
630 1992 996 2092 pulsarunt
1014 2047 1033 2077 ‚
1088 1994 1163 2067 δε
1183 2014 1385 2067 auras
1419 1991 1717 2067 stridore
1731 1991 2124 2091 fatigarunt
2162 1996 2448 2095 oppres-

482 2088 537 2168 fi
565 2088 717 2171 Dei
741 2088 887 2166 filii.
988 2086 1278 2166 Finient
1310 2087 1605 2165 ultrices
1656 2091 1730 2165 &
1782 2103 2154 2191 atrae‚·quae
2183 2091 2308 2169 hic
2325 2096 2452 2169 cir-

478 2211 565 2266 ca
614 2186 783 2264 illos
822 2184 1015 2287 quafi
1077 2184 1340 2262 cubilia
1403 2185 1521 2261 sua
1611 2186 1884 2274 osuere,
1932 2211 2120 2264 curae
2144 2245 2167 2275 ,
2217 2214 2450 2291 neque

480 2287 843 2362 emanebit
880 2287 974 2357 in*
1002 2297 1349 2358 aeternum
1377 2281 1496 2358 illa
1578 2285 1700 2370 ieS‚
1749 2306 1889 2384 qua
1917 2307 2187 2385 corpus
2217 2290 2450 2364 omni-

477 2383 614 2457 bus
648 2379 1158 2457 aeoritudin'um
1219 2376 1757 2456 difficultatibus
1789 2378 2107 2457 solutum
2128 2439 2149 2469 ‚
2184 2382 2445 2474 inlfinu

482 2440 888 2554 dulcill'imae
952 2477 1195 2550 matris
1225 2487 1448 2551 xterrae
1488 2475 1791 2551 suaviter
1834 2502 1874 2553 a
1908 2477 2280 2555 laboribus
2321 2480 2449 2556 suis

480 2571 941 2674 conquiescet
973 2628 995 2658 ‚
1042 2572 1117 2667 ὃς
1150 2572 1388 2647 anima
1417 2574 1758 2648 omnibus
1793 2575 2090 2651 eluctata
2115 2580 2451 2653 tentatio-

481 2694 665 2746 num
732 2667 1253 2747 certaminibus·
1290 2670 1369 2743 in
1416 2667 1591 2747 Deo
1642 2668 2074 2773 Christoque
2105 2687 2450 2751 aeternum

481 2764 929 2858 deliciabitur
950 2820 971 2851 ‚
1023 2789 1104 2840 ea
1141 2767 1389 2841 omnia
1406 2789 1671 2842 coram
1705 2791 2030 2856 cernens,
2066 2768 2447 2870 possidens‚

478 2862 725 2940 fruens
761 2861 908 2944 fine
961 2859 1190 2938 modo
1225 2862 1299 2936 &
1334 2860 1663 2939 mensura
1680 2919 1702 2950 ,
1752 2865 1844 2941 ad
1875 2864 2271 2944 satietatem
2303 2870 2453 2945 abs-

478 2984 623 3135 Eue
666 2960 978 3050 satietate
1007 3017 1026 3046 ‚
1081 2979 1241 3059 quae
1297 2956 1419 3036 hic
1450 2962 1639 3036 inter
1669 2974 1786 3037 tot
1820 2986 2064 3039 rerum
2098 2966 2447 3064 angustias

349 3109 356 3123 κ
423 3066 466 3079 ”
529 3058 621 3134 de
667 3055 915 3157 saepius
963 3056 1084 3133 sua
1116 3058 1502 3156 occupavit
1531 3113 1553 3143 ‚
1617 3057 1692 3134 δε
1730 3057 1822 3133 ad
1867 3081 2028 3159 quae
2062 3059 2203 3138 sese
2290 3085 2446 3138 ene-

478 3153 636 3232 rose
683 3156 760 3230 in
803 3153 1139 3231 *futurum
1177 3175 1270 3228 ex
1326 3156 1599 3230 orrexit
1617 3209 1640 3240 ,
1687 3177 1847 3254 quae
1882 3157 2209 3246 credidit,
2253 3162 2447 3260 pera·

474 3254 602 3340 vit,
625 3252 700 3328 δε
737 3252 1090 3358 extremis
1116 3271 1259 3347 qua
1285 3273 1312 3326 1
1360 3250 1574 3327 labris
1627 3251 2040 3350 praelibavit.

511 3555 514 3556 7
574 3441 700 3520 Ast
735 3467 906 3521 cum
937 3427 1235 3522 sentiam
1268 3442 1454 3522 Aud.
1485 3394 1808 3557 ipsemet,
1847 3443 2045 3548 diem
2091 3448 2274 3524 mihi
2294 3444 2457 3523 reli.

477 3562 636 3674 -qua
681 3543 954 3684 omnia*
975 3546 1291 3712 fitpimtiae
1344 3537 1579 3622 officia
1595 3589 1637 3631 ,›
1679 3565 1841 3645 quae
1870 3565 1965 3622 ex
1993 3539 2133 3623 hac
2157 3543 2461 3721 metcilgag
