2590 4326
806 175 946 283 ’a’
1014 169 1174 283 Β(
1252 170 1393 279 ἒδ
1459 163 1463 173 ’
1580 178 1588 184 ’
1942 192 2101 279 577

114 355 396 431 hancin
425 303 752 452 cryptam
783 350 1266 438 descenderet,
1291 327 1566 430 aditum
1610 375 1741 453 per
1775 354 2094 455 lapidem

102 451 309 528 'calce
334 448 805 526 obstructum
835 447 1057 547 paulo
1093 463 1260 525 ante
1290 451 1548 547 aperiri
1577 466 1725 527 erat
1755 449 2031 530 neceffe
2066 479 2108 541 ,’

116 562 197 624 ut
219 548 742 646 evaporatione
769 544 946 619 faela
994 544 1116 620 illa
1145 547 1431 622 minore
1467 569 1640 622 cum
1660 547 1983 625 molestia
2008 573 2092 626 ac

113 643 330 721 taedio
369 641 553 719 adiri
596 638 832 741 poffit,
861 641 935 715 &
968 637 1064 716 fic
1092 640 1409 718 adhibita
1450 642 1760 719 candelae
1802 643 2102 733 luce,at-‘

122 764 260 842 que
293 739 529 816 altero
565 739 806 814 feretri
851 735 1182 835 fastigiati
1209 735 1424 814 affere
1476 736 1756 817 detesto
1792 740 2090 817 Cadaver
2193 739 2228 768 ³

123 836 720 937 conspiciebatur,
762 827 851 912 ac'
875 832 1044 910 dein
1067 831 1215 911 fine
1245 833 1471 936 longa
1501 840 1849 938 temporis
1883 860 2092 916 mora

125 934 350 1010 aditus
390 934 893 1023 restruebatur.
1363 961 1378 966 ·

205 1028 294 1106 Et
326 1033 429 1106 ita
482 1028 634 1106 hoc
676 1051 943 1128 corpus
983 1030 1493 1132 incorruptum
1530 1028 1695 1108 heic
1725 1030 1875 1109 loci
1898 1037 2086 1130 jace-

124 1129 368 1224 re‚·jam
397 1125 439 1201 a
471 1125 721 1202 multis
738 1128 939 1201 annis
961 1129 1167 1202 variis
1196 1130 1274 1203 in
1312 1129 1516 1213 locis,
1534 1129 1861 1227 inprimis
1906 1153 2094 1231 quo-

128 1245 262 1322 que
295 1227 374 1299 in
398 1225 666 1299 vicinia
704 1236 896 1298 trans
924 1220 1282 1305 ‚Rhenum
1313 1225 1507 1323 apud
1536 1221 2114 1311 Pontifici08‚in-.

128 1323 385 1396 notuit.
491 1317 874 1411 Quoniam
905 1332 1147 1400 autem
1182 1344 1352 1396 vera
1380 1319 1594 1417 hujus
1634 1318 1931 1397 Batonis
1950 1320 2088 1399 Hi-

130 1416 335 1502 storia
352 1439 503 1516 per
546 1429 836 1514 tempus
861 1418 1198 1491 omnium
1229 1440 1474 1493 rerum
1506 1416 1690 1493 edax
1739 1417 2095 1495 oblivioni

127 1510 259 1590 fuit
292 1512 578 1598 tradita,
612 1509 974 1587 Pontificii
996 1511 1476 1611 superstitioni
1507 1515 1817 1590 nimium
1867 1514 2095 1591 dediti

133 1629 220 1683 ex
246 1608 381 1685 hac
414 1611 750 1707 corporis
781 1610 1075 1684 incorru
1130 1610 1333 1685 tione
1361 1608 1535 1686 falso
1554 1608 2087 1696 concluserunt,

134 1700 320 1782 hunc
350 1703 717 1782 Batonem
750 1702 951 1781 fuiffe
977 1703 1086 1784 Re
1123 1707 1383 1805 ‘gionis
1408 1701 1773 1806 Papalis·S.
1814 1707 2095 1806 Marty-

134 1822 280 1877 rem
296 1857 319 1891 ,
415 1805 549 1877 uin
591 1804 744 1877 imo
795 1800 1004 1878 stulta
1062 1801 1293 1902 plebis
1332 1803 1714 1880 credulitas
1748 1827 2095 1880 nonnun-

179 1921 342 1975 uam
483 1896 701 1976 vafris
746 1898 1250 1986 inducebatur}
1337 1898 1531 1999 quafi
1563 1900 1685 1975 hic
1717 1897 1911 1976 Baro
1953 1924 2089 1977 ceu
2193 1909 2194 1914 '

135 1919 301 2071 giter
348 1994 615 2074 AE.olus
666 1996 1118 2092 tempestates
1175 2010 1602 2072 averruncet
1622 2052 1643 2082 ‚
1714 1998 1787 2072 δι
1825 1994 2097 2073 Helve-
2189 2085 2190 2088 Ν

133 2092 269 2168 tios
344 2093 566 2192 hujus
638 2089 965 2170 Ditionis
998 2088 1039 2168 a
1084 2091 1435 2191 grandine
1476 2093 1550 2168 &
1586 2093 2093 2192 tempestatum

141 2188 530 2275 calamitate
564 2189 842 2271 liberos
881 2188 1177 2287 praestet.
1277 2186 1474 2265 Hinc
1498 2188 1874 2277 fastum‚ut
1902 2187 2098 2267 Pon-

139 2282 330 2363 tificii
385 2288 853 2386 reliquiarum
884 2335 906 2371 ,
967 2284 1476 2362 defunctorum
1518 2309 1739 2386 quam
1780 2288 2103 2363 maxime-

143 2376 586 2468 sanaorum,
625 2380 830 2456 valde
847 2380 1033 2458 avidi
1073 2380 1357 2483 illisque
1409 2380 1837 2482 devotissimi
1861 2434 1882 2469 ,
1926 2381 2097 2459 huic

147 2484 429 2580 corpori
445 2530 466 2568 s
536 2478 711 2555 loco
775 2501 868 2553 ex
906 2476 1029 2555 sua
1067 2477 1413 2556 sententia
1443 2479 1783 2556 sanaiore
1824 2502 1907 2556 ac
1941 2503 2092 2579 maq

146 2573 290 2667 jore
332 2576 621 2655 honore
648 2575 720 2650 di
776 2599 915 2660 no,
979 2573 1260 2653 infidias
1306 2573 1442 2654 fint
1515 2578 1789 2653 minati.
1890 2573 2099 2675 Qun

144 2672 430 2750 tandem
451 2597 791 2749 nonnuffi
833 2670 1133 2750 audaces
1178 2672 1585 2750 nebulones
1634 2671 1726 2749 de
1750 2671 1899 2761 hoc
1931 2692 2096 2749 cor-

149 2787 322 2935 pore
356 2768 670 2847 furando
715 2768 1183 2862 conjurarunt
1228 2825 1250 2856 ,
1329 2793 1481 2872 quo
1536 2767 1836 2846 consilio
1871 2794 2098 2870 quave

223 2889 260 2939 e
303 2866 663 2943 commoti
688 2863 788 2939 est
821 2865 1202 2952 incertum,
1223 2866 1413 2942 forte
1445 2864 1486 2941 a
1516 2889 1690 2942 vero
1726 2888 1873 2941 non
1897 2867 2101 2942 ablu-

201 2972 365 3049 eret,
389 2967 517 3064 qui
557 2962 652 3039 ab
683 2959 820 3036 illis
857 2960 1123 3038 fae‘tum
1145 2976 1356 3061 putat
1378 2961 1419 3036 s
1459 2962 1844 3049 erantibu8‚
1868 2975 1956 3038 ut
2006 2985 2097 3038 ex

149 3051 290 3133 hoc
312 3064 622 3159 corpore
673 3081 809 3149 ceu
827 3056 894 3132 S.
914 3057 1236 3157 Mar-tyre
1269 3059 1348 3135 in
1427 3059 1814 3136 cenobium
1850 3057 2103 3137 vendi-

149 3162 225 3226 to
259 3159 582 3254 opimam
605 3155 923 3233 facerent
957 3154 1290 3257 praedam.

410 3444 413 3449 .
863 3435 873 3448 ,
917 3336 1289 3430 XXXIV.

98 3536 101 3541 ⁴
241 3501 627 3615 Quidquid
697 3498 782 3590 fit
805 3558 827 3600 s
866 3527 1021 3588 anos
1071 3505 1306 3612 ipsum
1379 3511 1657 3592 filtrum·
1708 3504 1827 3593 vel
1860 3509 2106 3617 potiuss

119 3599 592 3725 ,sacrilegium
612 3607 1158 3688 recensebimus.
1259 3608 1550 3712 Nempe
1586 3628 1899 3714 quatuor
1920 3616 2116 3785 cing}

1902 3734 2031 3788 mo
