2590 4326
878 95 1016 205 ve
1071 92 1217 197 )2·(
1275 86 1446 200 ἐκ·
1999 106 2167 203 ‘585

233 275 640 377 ImPrimis
673 244 947 375 quanto
983 297 1292 349 numero
1321 273 1472 351 illic
1502 290 1971 354 accreverunt
2023 277 2156 378 Ju-
2287 319 2304 334 f·

129 374 278 452 daei
304 429 329 460 ,
386 373 735 468 Juvenalis
807 387 1142 470 tempore
1167 426 1187 456 ,
1241 372 1369 469 qui
1415 370 1716 447 demum
1756 375 1940 450 vixit
1992 385 2153 451 Tra-
2271 433 2284 444 .

118 478 273 565 jam·
323 485 494 548 tem
557 469 808 546 oribus
839 524 862 556 ,
916 481 1002 543 ut
1041 466 1150 542 illi
1196 464 1454 544 Romae
1492 491 1650 543 non
1680 479 2002 566 peregrini
2027 488 2152 552 aut

128 570 426 654 exteri,
520 564 620 654 ed
660 564 778 641 vel
828 562 867 641 ὲ
897 563 1097 639 sexta
1138 579 1260 640 aut
1285 562 1592 664 septima
1622 568 1978 665 progenie
2016 565 2152 669 ipfi

133 662 483 744 Romani
539 659 830 764 possent
876 658 1290 740 nominari?
1389 660 1624 755 Quod
1682 676 1927 738 autem
1974 663 2152 748 dicit

137 763 547 858 Juvenalem
669 758 1089 858 erstringere
1147 784 1245 832 eos
1275 814 1299 844 ‚
1376 767 1487 855 qui
1540 767 1904 855 peregrinos
1950 788 2150 837 mores

138 867 535 933 imitantur.
717 877 913 931 onne
992 856 1267 931 notum·
1310 849 1603 953 Judaeos
1638 853 1981 933 laborasse
2000 881 2151 936 ma-
2221 915 2226 918 -

134 957 372 1032 nibus
417 951 901 1068 ‘pedibusqoe
958 950 1238 1050 semper
1271 1007 1294 1037 ‚
1353 965 1435 1028 ut
1477 952 1554 1028 &
1614 951 1794 1028 alios
1820 951 1910 1029 ad
1950 952 2149 1032 suam

134 1050 624 1155 disciphnam
705 1045 1237 1149 pertraherent,
1292 1049 1369 1131 &
1450 1048 1726 1130 multos
1761 1047 2009 1150 saepius
2049 1051 2149 1142 ¹ad
2301 1067 2312 1070 ’

134 1147 266 1226 sua
351 1147 592 1228 castra
668 1170 753 1221 ac
821 1143 1266 1257 disciplinam
1314 1142 1680 1228 adduxisse
1729 1146 2064 1239 eredulos
2112 1147 2146 1227 2

134 1243 438 1325 Nonne
539 1243 648 1320 illi
708 1239 1019 1341 Verpuh
1080 1246 1543 1335 Constantinum
1588 1251 1695 1322 M.
1737 1257 1828 1317 ut*
1879 1259 2146 1329 notum
2203 1254 2208 1260 “

136 1341 248 1420 est
267 1398 291 1429 ‚
350 1365 546 1421 cum
593 1337 881 1419 Christo
934 1360 1211 1416 nomen
1276 1336 1517 1429 daret,
1598 1342 1676 1415 in
1722 1337 1874 1415 su'as
1905 1355 2144 1439 partes

197 1437 585 1515 ertrahere
641 1460 761 1512 ma
867 1457 1090 1534 opere
1128 1432 1349 1510 annifi
1397 1433 1561 1512 sunt
1579 1423 1612 1522 ⁸„
1664 1434 1782 1510 sed
1840 1435 2094 1515 frustra
2117 1493 2140 1530 2

172 1534 267 1611 ed
299 1532 684 1612 inaniter?
751 1460 866 1609 ἐξ
876 1555 1018 1632 qua
1057 1554 1135 1607 re
1171 1531 1338 1606 vide
1379 1529 1653 1610 Clariis.
1708 1528 2148 1611 HOTTIN-

142 1629 394 1710 GERI
450 1635 613 1730 Ηξβ.
667 1632 835 1705 Eccle
859 1687 875 1704 .
926 1623 1003 1704 P.
1022 1624 1077 1710 Ι.
1100 1650 1162 1704 c.
1190 1620 1316 1704 IV.
1366 1635 1517 1704 Seel.
1542 1638 1650 1703 ΙΙΙ.
1697 1626 1967 1709 Eadem
1986 1655 2146 1707 non

144 1727 448 1821 dubito,
474 1730 657 1829 quin
681 1727 758 1803 &
834 1724 1018 1803 udaei
1030 1727 1358 1821 Juvenal&
1384 1741 1718 1832 tempore
1762 1727 1841 1807 in
1871 1724 2144 1814 multoe

143 1821 549 1905 Romanos
577 1825 1025 1904 tentaverint.
1176 1879 1179 1886 ·
1963 1863 1970 1870 ·
2039 1862 2045 1873 ·

1053 1995 1297 2093 §.HL

240 2166 491 2248 Addit
539 2165 630 2243 ct.
654 2151 657 2154 ’
683 2163 1042 2243 Kortholtus
1118 2163 1239 2259 (3)
1288 2165 1366 2242 δι
1405 2167 1484 2242 in
1508 2187 1669 2244 rem
1708 2159 1910 2244 suam
1952 2162 2142 2245 face-

151 2284 230 2342 te
264 2267 393 2344 illa
443 2256 694 2344 Poetae
729 2286 798 2340 V.
824 2286 981 2342 100.
1019 2264 1199 2354 ejusd.
1227 2269 1462 2357 Sama
1914 2266 1938 2324 -’

203 2437 206 2441 ’
247 2452 576 2536 Romanas
589 2458 798 2514 autem
817 2440 998 2534 soliti
1036 2458 1423 2516 contemnere
1457 2440 1638 2537 leges,

134 2552 141 2558 .
247 2534 793 2673 JUDAICUM
853 2537 1179 2734 εάιΥσιέηὔὲ
1215 2563 1288 2612 ac
1316 2537 1619 2629 servant,
1713 2532 1808 2625 ΕΒ
1848 2554 2142 2612 nanuum

161 2788 304 2883 Ηοὲ
321 2865 344 2898 ,
400 2807 649 2909 inquit
673 2862 696 2894 ‚
746 2808 860 2881 mis
889 2817 1140 2884 crimini
1167 2810 1314 2883 dm·
1348 2835 1475 2883 non
1512 2816 1734 2905 potuit
1753 2861 1774 2890 ‚
1820 2817 1934 2906 φα·
1954 2829 2142 2905 gente

160 2907 369 2996 Judaei
415 2925 602 2979 erant
628 2959 651 2991 ‚
702 2912 927 3001 quippe
963 2908 1051 2980 ad
1088 2933 1240 3002 quos
1271 2916 1693 2997 Romanorum
1716 2907 1903 2998 fizcra
1928 2904 2019 2993 ἓξ
2052 2909 2141 2979 le-

157 3022 265 3094 ges
345 3000 516 3077 nihil
566 3002 938 3076 attinebant.
1039 3012 1257 3098 Itaque
1293 2999 1670 3097 reprehendi·
1726 3006 1769 3075 ἃ
1812 3011 2003 3078 Poetie
2042 3000 2140 3076 hic

169 3103 480 3187 Romanos
525 3107 687 3172 cives
721 3153 744 3182 ,
783 3097 980 3190 fizcris
1014 3098 1364 3197 Christiane}
1393 3099 1674 3172 adduae}
1687 3153 1711 3183 ‚
1756 3100 2013 3194 suosque
2055 3100 2138 3170 li-

170 3189 344 3271 beros
401 3202 471 3268 in
510 3194 718 3268 eadem
775 3197 1068 3292 religiom
1097 3201 1439 3293 instituant.
1541 3193 1792 3288 Quod
1816 3217 2139 3295 quomo-

171 3284 272 3367 do
331 3315 428 3371 ex
498 3289 732 3365 verbis
774 3287 1016 3371 Poetae
1060 3292 1394 3394 sequatur
1503 3315 1649 3391 ego
1693 3313 1850 3368 non
1894 3289 2134 3368 video.

170 3378 371 3463 Cum
436 3389 634 3464 enim
670 3382 960 3485 Judaeos
983 3389 1241 3467 Romae
1282 3349 1488 3467 finde
1539 3385 1985 3483 notissimum
2018 3385 2143 3477 fit,

172 3491 259 3560 ut
307 3483 542 3564 modo
588 3480 980 3584 probatum
1007 3483 1339 3564 dedimus
1352 3543 1375 3575 ‚
1431 3494 1685 3565 nonne
1713 3496 1956 3587 aperte
2010 3492 2133 3571 'eo-

1224 3578 1438 3701 Pp3
1844 3600 2288 3685 ‘rum'
