2590 4326
853 111 996 222 ἐξ
1110 111 1264 213 )t(
1374 110 1514 216 &a
2010 130 2151 225 54¹

145 384 152 389 ,
277 296 569 389 &enus
635 289 1159 402 conspeetum.
1277 291 1360 400 §.
1420 294 1765 378 XXXIV.
1842 295 2160 382 XXXV.

269 404 644 489 Historia
685 402 877 487 furti
938 404 1017 484 in
1085 402 1529 517 Cadavere'
1566 404 1967 489 commiffi.
2075 405 2158 514 ᾗ.
2223 401 2231 410 ’

273 518 640 601 XXXVI.
670 514 1051 620 ‘Ejusdem
1105 514 1498 600 restitutio
1532 521 1637 629 δι’
1665 517 2025 602 humatio
2058 517 2170 603 se-

190 681 200 692 ·
271 627 582 714 cunda.
703 627 786 735 ᾗ.
879 630 1266 711 XXXVII:
1323 622 1595 739 Jodoci
1654 627 1927 711 Grobii
1981 630 2167 742 Epi-

272 740 491 827 stola
544 736 647 825 ad
699 735 905 825 Prof.
936 741 1209 854 Tigur.

1163 934 1332 1041 L*

157 1162 160 1165 ·
329 1130 751 1252 oA‘NNEs
802 1151 1344 1241 ΡΗΙΠΡΡΠΞ,
1395 1152 1579 1250 Bato
1608 1155 1696 1232 ab
1727 1155 1901 1233 Alto
1946 1153 2162 1245 Saxo,
2270 1214 2275 1215 f

378 1252 768 1331 Dominus
819 1254 896 1328 in
945 1252 1087 1330 Sax
1122 1253 1197 1327 ἃ
1246 1249 1615 1339 Forsteck‚
1636 1266 1804 1331 tum
1830 1252 2166 1354 Antiqui-

168 1172 322 1500 J
380 1365 539 1426 tate
580 1351 864 1448 generis
899 1405 921 1437 ,
978 1363 1140 1429 tum
1190 1348 1425 1448 gloria
1481 1347 1859 1446 Majorum
1915 1406 1936 1436 ‚
2005 1365 2171 1428 tum

384 1446 535 1522 suis
569 1449 656 1539 ⁴in
695 1470 851 1521 rem
895 1442 970 1525 '&
1037 1445 1488 1526 Litteran'am
1528 1449 1602 1522 ἃ
1647 1447 2046 1523 Militarem
2092 1449 2172 1524 δε

151 1542 499 1627 Civilem
537 1541 824 1620 Meritis
858 1546 1049 1619 ‘unus
1088 1544 1433 1620 omnium·
1465 1541 1594 1619 fuo
1636 1558 1970 1643 tempore
2010 1568 2165 1621 ma-

174 1644 374 1718 xime
461 1639 777 1717 florebat
813 1697 835 1727 ,
903 1641 1100 1717 unde
1153 1640 1423 1716 faetum
1499 1654 1586 1716 ut
1632 1654 1803 1732 trux
1831 1665 2162 1742 praecox-

173 1762 323 1838 que.
371 1739 533 1829 eius
598 1736 812 1815 Mors
849 1737 1194 1816 omnibus
1240 1735 1464 1815 Bonis
1505 1762 1804 1836 gravem
1840 1739 2163 1820 attulerit

174 1834 473 1920 lustum.
1132 1928 1203 2009 Π
2144 1864 2149 1865 ἢ

177 2086 180 2089 Δ
271 2027 799 2125 BARONUM
843 2024 1362 2106 Altosaxorum
1409 1979 1591 2127 gens
1624 2028 1811 2105 adeo
1860 2042 2009 2106 erat
2041 2053 2168 2107 an-

181 2127 382 2243 tiqua
421 2152 511 2205 ac
547 2125 814 2226 nobilis
832 2185 853 2215 ‚
903 2140 990 2204 ut
1039 2122 1369 2203 Nomina
1405 2124 1650 2202 ,rebus
1687 2129 2167 2205 convenerint

181 2223 337 2312 suis,
361 2250 512 2303 nec
545 2226 914 2301 immerito
943 2225 1019 2300 δε
1046 2236 1350 2323 propter
1367 2224 1713 2299 virtutem
1736 2238 1954 2337 atque
1999 2224 2166 2398 ἕξο-

177 2324 356 2399 riam
401 2317 679 2400 ALTA
728 2323 772 2396 i.
829 2345 892 2398 e.
939 2318 1214 2403 excelsa
1247 2375 1290 2406 ‚.
1353 2321 1429 2396 ὃς
1514 2335 1766 2421 ropter
1798 2344 1952 2418 ejus
2061 2323 2166 2398 ‘u-

183 2422 620 2498 turnitatem
674 2441 756 2494 ac
821 2415 1252 2495 vetustatem
1307 2415 1354 2493 S
1649 2417 2019 2518 ·appeHari
2059 2421 2168 2493 vi-

180 2514 450 2595 deatur.
517 2514 713 2593 Nam
748 2539 842 2592 ex
878 2513 1161 2592 annosis
1215 2514 1620 2594 litterarum
1669 2518 2165 2592 monumentis

188 2615 511 2701 constat,
557 2612 747 2689 hanc
780 2611 1154 2698 Familiam
1184 2610 1600 2690 Altosaxam
1619 2635 1776 2688 non
1806 2615 2080 2690 interru
2133 2662 2168 2677 -

185 2721 257 2787 ta
285 2710 472 2789 serie
578 2734 655 2787 er
684 2707 880 2787 VIII.
929 2711 1004 2785 ὃς
1048 2708 1255 2810 plura
1298 2708 1534 2785 secula
1598 2708 2009 2786 multorum
2108 2713 2168 2786 i..

186 2829 438 2887 rorum
541 2873 546 2878 .
581 2810 838 2885 eroicis
885 2807 1270 2884 virtutibus
1321 2808 1684 2907 rebusque
1715 2807 1925 2905 gestis
1952 2805 2157 2883 fuiffe
2319 2886 2333 2896 κ

189 2906 622 3001 perclaram:
681 2921 843 3006 quae
887 2927 1044 2979 non
1084 2901 1323 2978 solum
1379 2903 1478 2979 ob
1529 2902 1986 2979 numerosam
2022 2906 2167 2980 toe-

193 3003 632 3079 canditatem
656 3004 734 3076 in
777 3015 920 3077 tres
965 2997 1160 3099 quafi
1212 2996 1564 3078 Colonias
1614 2996 2121 3077 SAXORUM
2138 3056 2162 3087 ‚

204 3093 987 3179 ALTOSAXOR‘UM
1040 3097 1116 3172 &
1160 3092 1825 3188 MASAXORUM
1848 3096 1886 3188 <
1886 3097 2012 3195 qui
2030 3119 2171 3195 po-

193 3192 516 3273 steriores
572 3198 787 3271 etiam
826 3193 1210 3273 Comitum
1246 3192 1504 3271 Titulo
1554 3191 2003 3294 gaudebant)
2041 3192 2166 3269 de-

195 3288 408 3368 dusta
434 3349 459 3381 ‚
504 3291 626 3369 sed
670 3293 746 3368 δε
788 3289 1228 3405 ampliffimis
1260 3290 1725 3391 dignitatum,
1760 3288 2162 3377 honorum,

194 3385 735 3466 immunitatum
754 3444 776 3475 ‚
821 3389 1374 3501 privilegiorum
1467 3388 1722 3464 raemiis
1756 3386 1856 3462 ob
1876 3389 2167 3486 egregia

193 3479 309 3559 sua
338 3484 517 3563 fasta
558 3486 647 3562 ab
678 3484 1244 3584 Imperatonbus
1268 3508 1351 3561 ac
1441 3484 1837 3583 rincipibus
1875 3481 2015 3557 fuit
2047 3507 2169 3562 or-

125 3653 130 3658 .
193 3592 372 3697 pata.
472 3580 646 3661 Hoc
672 3603 970 3683 quoque
996 3578 1316 3655 m-hu‘us
1348 3579 1636 3659 familiae
1663 3580 1879 3657 bonis
1917 3577 2019 3662 est
2033 3606 2171 3658 nu-

1251 3695 1413 3771 m5
2017 3703 2223 3772 mes
2390 3733 2393 3740 ,
