2590 4326
404 151 565 244 594
718 248 728 252 ,
1119 105 1668 272 ἕὲ)ἒ(ἒᾶ

394 337 636 396 rarum
679 308 902 410 abusu
933 337 1103 391 vera
1150 313 1415 415 religio
1432 371 1457 402 ‚
1523 329 1879 418 quantum
1922 313 1999 392 ἀ
2041 327 2405 393 externus

398 416 475 492 &
530 417 857 490 internus
891 408 1042 488 Dei
1082 411 1320 491 cultus
1362 411 1779 490 detrimenti
1821 415 2098 514 peperit
2121 466 2144 500 ,
2195 426 2403 513 quot

394 512 503 589 liti
558 514 666 597 iis,
709 506 1291 597 diffenfionibus,
1345 507 1856 598 schifinatibuS,
1903 510 2209 610 aliisque
2248 507 2400 586 Ec-

399 536 626 687 clef‘lae
670 606 988 718 pestibus
1033 608 1248 704 janua
1304 622 1584 707 aperta,
1666 621 1857 709 quot
1931 607 2397 684 immortales

400 709 656 783 animae
710 708 808 779 ita
841 701 1093 793 misere
1144 703 1466 803 deceptae
1501 704 1773 782 fuerint
1811 761 1836 792 ,
1904 705 2197 781 abunde
2249 703 2394 781 Ec·

318 841 321 844 ·
398 802 775 882 elesiastica
814 824 950 876 nos
988 797 1306 879 Historia
1365 801 1600 878 docet}
1705 800 2142 897 Quocirca
2200 803 2390 878 mihi

399 924 622 1002 quam
657 899 974 974 maxime
1018 896 1593 976 confideratione
1631 897 1898 998 dignus
1927 899 2217 976 videtur
2244 924 2386 975 no-

397 998 561 1076 bilis
601 995 724 1089 ille
756 992 951 1107 apud
985 1003 1247 1069 Petrum
1284 995 1495 1073 locus
1521 1053 1544 1083 ‚
1596 999 1677 1073 in
1700 1016 1764 1073 2.
1807 998 1959 1094 ejus
1989 1007 2095 1092 Ep.
2137 1005 2286 1094 Cap.
2343 1007 2385 1071 Ι.

401 1126 469 1170 v,
526 1113 639 1169 20,
704 1093 834 1168 ubl
898 1096 1077 1160 τοῦτο
1140 1098 1379 1185 πρῶτον
1440 1096 1832 1181 γινώςκοντες
1858 1096 2238 1195 inquienS‚
2299 1095 2391 1163 ὅτι

397 1195 582 1263 παῖσαι
643 1194 1001 1285 προφητεῖαι
1063 1193 1318 1287 γραφῆς
1384 1190 1552 1267 ἰδίοις
1631 1192 1970 1267 {umbreae
2029 1195 2075 1281 ις’
2136 1201 2368 1281 γίνεται

405 1294 543 1367 &c.
581 1289 895 1388 graviter
951 1311 1091 1364 nos
1151 1288 1369 1365 docet
1385 1312 1411 1375 ‚*
1476 1314 1618 1390 qua
1693 1290 1980 1366 ratione
2014 1292 2205 1365 circa
2258 1288 2383 1366 Sa-

401 1390 602 1465 cram
628 1385 1071 1485 Scripturam
1099 1384 1548 1474 versandum,
1594 1386 1791 1463 unde
1844 1388 1996 1484 eJus
2027 1388 2386 1487 interpre-

404 1487 588 1562 tatio
648 1481 963 1583 petenda
995 1539 1017 1569 ,
1064 1482 1332 1582 quidve
1368 1487 1444 1557 in
1491 1484 1639 1560 hoc
1664 1486 1974 1584 negotio
2003 1480 2090 1560 fit
2125 1506 2384 1588 cavenf-

408 1581 610 1658 dum.
714 1579 956 1656 Tanto
973 1593 1216 1655 autem
1253 1582 1610 1675 majorem
1647 1584 2128 1658 attentionem
2176 1580 2383 1658 locus

408 1679 536 1754 iste
575 1689 914 1762 meretur,
953 1678 1342 1777 quoniam,
1385 1675 1437 1750 fi
1474 1679 1634 1777 quis
1672 1677 1848 1753 alius
1897 1734 1919 1765 ‚
1978 1677 2240 1754 eadem
2271 1677 2386 1754 illa

407 1773 692 1852 adversa
737 1777 845 1839 τῶν
879 1780 1328 1865 παρεςμηνειῷν
1388 1771 1534 1851 fata
1563 1800 1602 1851 a
1645 1771 1931 1852 diverfis
1964 1772 2381 1874 Interpreti-

405 1874 543 1948 bus
579 1871 679 1947 est
722 1883 1086 1969 expertus,
1141 1868 1215 1946 ὃς
1242 1871 1333 1947 ab
1360 1868 1684 1948 Ecclefiae
1709 1870 2059 1949 Romanae
2091 1863 2375 1971 Dotio-

407 1971 608 2045 ribus
635 2025 657 2055 ,
692 1991 1011 2067 quorum
1051 1970 1354 2045 maximi
1388 1970 1699 2057 interest,
1724 1982 1844 2064 ut,
1879 1975 2035 2068 jure
2065 1968 2374 2071 Scriptu-

408 2089 521 2144 ras
555 2064 1074 2165 interpretandi
1155 2063 1393 2144 rivatis
1430 2066 1745 2154 ademto,
1799 2090 2056 2145 omnes
2091 2066 2381 2169 adigan-

312 2202 323 2205 ,
410 2178 532 2243 tur
564 2163 653 2241 ad
690 2166 1055 2275 privatum
1148 2187 1229 2239 ac
1269 2167 1350 2247 in
1382 2184 1459 2240 re
1493 2165 1850 2261 judicium
1886 2165 2204 2267 public‘ae
2257 2162 2383 2243 Ec-

413 2261 640 2340 clefiae
702 2260 979 2357 Judicio
1042 2258 1617 2339 submittendum
1638 2316 1659 2350 ,
1744 2274 1893 2339 tam
1988 2261 2265 2340 erverse
2311 2265 2380 2337 in

410 2383 570 2437 rem
606 2358 806 2434 suam
847 2356 1361 2470 detorquetur,
1426 2374 1511 2435 ut
1534 2358 1733 2437 nulla
1758 2363 1900 2437 toti
2009 2382 2382 2437 ermeneu-

410 2461 573 2534 ticae
614 2454 681 2532 S.
725 2456 800 2532 &
835 2452 1249 2532 Christianae
1277 2454 1653 2557 Religioni
1689 2457 2064 2558 capitalior
2109 2463 2382 2531 ὲπιλυσιε

419 2553 824 2652 excogitari
858 2549 1218 2652 potuisset.
1326 2551 1837 2651 Quamobrem
1915 2578 2161 2656 operae
2229 2579 2384 2656 pre-

413 2654 603 2728 tium
631 2647 767 2726 effe
809 2647 1010 2737 duxi,
1119 2651 1397 2728 uaedam
1452 2675 1612 2752 quae
1659 2649 1914 2729 inmea'
1930 2652 2383 2730 lestioneoc-

400 2748 803 2843 currebant
820 2800 841 2834 ‚
886 2747 961 2823 &
1012 2673 1116 2823 ag
1212 2752 1566 2826 enuinum
1605 2749 1757 2827 loci
1808 2748 2091 2826 sensum
2156 2749 2385 2825 vindi-

418 2845 737 2923 candum
779 2867 935 2920 non
982 2845 1161 2921 inut'
1204 2850 1262 2922 'a
1294 2845 1764 2934 videbantur,
1801 2844 1923 2923 hic
1955 2849 2035 2933 in
2061 2846 2384 2922 medium

473 2942 767 3018 roferre.
870 2939 1051 3017 Non
1141 2944 1347 3043 quod
1413 2947 1752 3043 ignorem
1859 2941 2383 3021 raestantiffimas

402 2967 889 3121 ‘Eruditorum
940 3037 1329 3129 Virorum,
1395 3043 1722 3141 inprimis
1854 3038 2137 3117 ariffimi
2175 3035 2385 3118 WE·

419 3129 958 3223 RENFELSII,
1031 3136 1221 3214 hanc
1269 3141 1350 3213 in
1425 3163 1583 3214 rem
1656 3138 2209 3225 meditationeS,
2267 3134 2387 3213 sed

425 3234 633 3340 quod
670 3232 1325 3310 animadvertebam
1365 3259 1458 3310 ex
1497 3238 1584 3310 iis
1616 3232 2141 3334 Interpretibus
2170 3290 2195 3322 ,
2263 3234 2387 3347 qui

422 3358 565 3437 pro
591 3355 760 3407 vera
798 3330 1012 3428 hujus
1049 3326 1196 3408 loci
1228 3346 1351 3407 aut
1393 3330 1654 3409 saniori
1688 3330 1936 3409 saltem
1965 3330 2384 3432 explicauo-

421 3458 520 3510 ne
565 3443 1113 3530 pugnaverunt,
1158 3444 1534 3528 utcunque
1612 3430 1690 3504 in
1752 3426 1976 3529 ipsam
2005 3452 2178 3504 rem
2213 3451 2385 3531 prae-

424 3526 612 3607 clare
641 3527 716 3601 &
752 3528 1043 3624 egregie
1078 3526 1325 3603 {multa
1381 3525 1841 3628 protulerint,
1869 3546 2119 3602 veram
2149 3540 2386 3601 tamen

423 3629 501 3705 δε
555 3621 949 3727 genuinam
1003 3626 1208 3702 vocis
1246 3623 1447 3712 ἰδιος,
1514 3626 1702 3704 circa
1738 3646 1959 3725 quam
2017 3636 2179 3723 tota
2204 3644 2387 3701 ,con-

2239 3732 2388 3797 tto-
