2590 4326
868 174 1008 283 ’e
1123 176 1235 292 κ(
1346 174 1485 279 ἐκ
2050 188 2206 281 365

479 495 482 500 ·
583 463 710 532 Sua
738 454 981 551 fimera
1009 454 1219 545 fidem
1531 535 1543 542 ,

412 549 794 650 Circumfert
834 560 1175 624 moriturus
1225 550 1406 626 homo
1424 607 1444 638 ‚
1491 549 1788 649 fitspiria‚
1829 549 2011 651 tuffis

408 659 493 722 Et
514 652 726 736 luam,
756 650 1047 745 fomenta
1075 650 1251 722 malt}
1271 702 1293 736 ,
1344 676 1477 746 quae
1514 657 1758 745 praevia
1780 652 2062 746 praebent

408 751 695 845 Irfianttk
734 748 1100 821 documenta
1132 755 1291 843 rogi.

203 935 292 1015 Id
355 933 864 1048 persentiscens
896 939 1203 1019 coelestis
1253 937 1470 1036 huJus
1524 953 1608 1017 tu
1713 939 1879 1016 rioli
1930 933 2215 1042 hospes.

204 1058 382 1111 cum
420 1030 625 1145 J0v1s
674 1038 1031 1137 armigero
1069 1036 1537 1137 fulminisque
1592 960 1886 1113 genite
1934 1037 2213 1136 nidum,

200 1130 419 1209 suum
452 1154 531 1205 m
556 1130 844 1208 excelfis
887 1134 1287 1220 construit,
1335 1146 1550 1234 atque
1573 1148 1961 1233 antequam
2004 1134 2186 1212 hau-

199 1231 432 1341 riatur
458 1227 543 1340 0&
574 1226 721 1326 ipse
761 1231 1102 1308 incendio
1138 1287 1157 1317 ,
1204 1231 1771 1327 cogitationibus
1802 1232 1878 1305 &
1917 1230 2188 1309 defide-

198 1325 324 1404 riis
371 1323 509 1400 suls
565 1332 816 1403 aereos
859 1342 1239 1441 pertentat,
1265 1327 1531 1403 domos
1571 1383 1594 1412 ,
1637 1330 2027 1427 animoque
2066 1353 2187 1406 ro-

198 1421 525 1499 tundum
565 1440 927 1519 percurrit
1023 1423 1249 1507 olum.
1350 1418 1598 1500 Paucis
1642 1478 1663 1509 ,
1717 1451 2039 1520 nunquam
2070 1428 2184 1518 sa-

181 1528 375 1617 piens
424 1517 670 1612 noster
702 1575 724 1606 ,
778 1544 931 1640 quo
1022 1519 1192 1640 scite
1231 1528 1453 1606 Seneca
1492 1520 1677 1596 dixit
1691 1577 1714 1607 ,
1745 1524 1956 1639 'magis
1988 1524 2180 1642 dm:-

150 1734 155 1737 Ι
196 1644 314 1787 nnZ
346 1620 498 1787 Zet}
532 1619 1373 1808 mgbgstfnomhmm
1406 1619 1590 1710 suam
1624 1637 1858 1716 cogttat
1898 1673 1920 1705 ,
1974 1645 2180 1696 maxae-
2272 1699 2277 1706 Α

300 1903 498 2000 Quia
542 1930 721 1984 vero
760 1927 990 1985 nemo¹
1039 1906 1378 1985 haetenus
1442 1911 1725 2009 ignavia
1791 1905 2181 1986 Immortaq

191 2003 282 2079 lis
298 2060 322 2090 ‚
369 2018 494 2081 aut
539 2005 810 2105 absque
846 2003 988 2082 fide
1018 2006 1094 2081 &
1143 2002 1614 2103 resipiscentia
1652 2006 1871 2080 beatae
1900 2009 2177 2117 aeterni-

192 2103 360 2178 tatis
420 2100 714 2179 consors
756 2100 978 2179 fadus
1004 2103 1144 2180 fuit
1182 2157 1204 2188 ,
1248 2101 1547 2202 haecque
1588 2099 1752 2178 sola
1817 2124 2012 2272 refa
2054 2087 2177 2180 illa

189 2200 313 2274 via
357 2197 458 2274 est
479 2254 501 2284 ‚
545 2221 707 2299 quae
740 2198 830 2280 ad
871 2198 1142 2277 lucidas
1191 2198 1317 2275 has
1359 2200 1436 2275 &
1470 2201 1745 2299 quietas
1805 2196 1873 2273 se
1927 2222 1999 2274 es
2040 2198 2174 2274 du-

189 2297 298 2373 cit
319 2349 344 2382 ‚
367 2295 664 2393 fizpimtzk
696 2293 844 2373 fine
883 2295 1112 2372 dubio
1170 2296 1271 2373 est
1304 2351 1327 2382 ,
1380 2294 1515 2373 hac
1544 2293 1693 2396 ipsa
1725 2295 1802 2370 &
1844 2317 1998 2369 non
2041 2294 2173 2372 alia
2330 2307 2367 2321 ’·

196 2395 322 2469 via
360 2447 382 2479 ,
435 2391 527 2468 ad
580 2391 769 2471 hanc
818 2407 1166 2473 votorum
1214 2392 1514 2469 suorum
1557 2404 1826 2469 metam
1864 2405 2172 2467 conten-

149 2502 152 2503 ’
186 2488 365 2566 dere
382 2548 405 2576 ‚
450 2490 528 2566 &
585 2488 661 2564 id
698 2510 935 2588 agere,
976 2513 1129 2591 quo
1178 2486 1465 2568 Christo
1527 2486 1823 2589 quidem
1862 2486 2047 2564 duce
2096 2489 2172 2563 &

187 2584 476 2688 auspice
517 2642 541 2672 ‚
621 2588 697 2663 δι
757 2611 924 2663 vera
967 2586 1045 2662 in
1096 2584 1304 2663 illum
1356 2583 1498 2662 fide
1553 2609 1636 2661 ac
1687 2583 1859 2661 seria
1904 2582 2171 2685 resipis-

184 2685 429 2760 centia
468 2680 842 2783 Cynosura
878 2739 901 2770 ,
977 2686 1054 2758 in
1105 2695 1351 2759 tutum
1380 2684 1637 2795 quietis
1670 2695 1985 2782 portum
2012 2697 2170 2758 tan-

184 2779 366 2857 dem
398 2778 701 2856 feliciter
741 2779 1010 2857 evadat.
1110 2777 1334 2880 Atqui
1399 2779 1473 2854 1d
1504 2776 1738 2855 rursus
1789 2778 2049 2865 docet,
2092 2779 2168 2854 δε

179 2879 352 2978 pios
408 2900 491 2952 ac
530 2874 835 2952 salubres
868 2875 1005 2953 hos
1029 2873 1321 2952 affestus
1364 2874 1566 2952 cordi
1599 2874 1920 2950 hominis
1957 2879 2168 2955 tacita

180 2972 500 3076 quadam
540 2971 662 3049 sua
698 2975 772 3048 vi
800 2971 919 3049 ins
960 2975 1092 3048 irat
1128 3027 1149 3057 ‚
1208 2984 1478 3050 attenta
1521 2972 1596 3046 δε
1623 2972 1700 3064 ju
1709 2974 1819 3070 gis
1845 2971 2168 3049 mortali-

179 3074 352 3149 tatis
397 3069 794 3150 meditatio‚
1007 3070 1191 3169 pirat
1230 3066 1354 3144 illa
1399 3066 1716 3144 hominis
1741 3068 2018 3166 pestori
2066 3066 2166 3143 af-

181 3167 458 3245 festum
544 3190 728 3267 verae
780 3167 854 3241 &
923 3166 1102 3242 vivae
1162 3162 1350 3240 fidei.
1449 3162 1682 3240 Novit
1724 3187 1990 3263 nempe
2033 3165 2161 3263 qui

181 3262 478 3343 Christo
518 3258 794 3340 n'omen
820 3262 1040 3349 dedit,
1082 3285 1240 3339 non
1279 3257 1479 3362 poffe
1518 3277 1958 3360 quemquam
1998 3283 2163 3334 mo-

180 3365 246 3439 ri
277 3364 529 3449 beate,
622 3362 804 3460 quin
840 3361 1192 3436 moriatur
1231 3361 1312 3435 in
1362 3355 1700 3439 Domino
1720 3413 1740 3443 ,
1784 3354 1862 3432 id
1890 3355 2029 3441 est,
2080 3356 2162 3431 in

180 3457 336 3536 fide‘
375 3455 692 3535 Domini
726 3459 801 3534 δε
840 3456 1232 3534 Servatoris
1323 3456 1443 3532 esu
1487 3453 1766 3537 Christi.
1878 3450 2113 3531 Novit
2136 3508 2155 3538 ,

158 3553 556 3634 'Christum
594 3553 831 3631 solum
874 3553 1108 3629 dicere
1160 3575 1264 3652 po
1321 3576 1365 3628 e
1385 3607 1406 3638 ,
1450 3563 1501 3624 E
1534 3578 1569 3623 ο
1597 3552 1744 3640 sum
1792 3549 2167 3658 [resurr-effla

183 3651 278 3741 ἓξ
317 3661 461 3728 vita
496 3705 520 3740 ,
579 3647 1024 3731 Resurrectio
1060 3646 1176 3726 Co
1267 3649 1450 3733 oris,
1567 3649 1661 3721 ita
1700 3667 1953 3730 ammae
1977 3701 1998 3733 ,
2048 3652 2161 3741 qui

1287 3769 1327 3821 a
1361 3764 1412 3837 4
2090 3752 2159 3817 in
