2590 4326
345 157 517 330 ξπ
627 353 634 358 ,
803 345 806 350 Δ
1103 224 1246 336 ἢ
1353 221 1468 341 )²(
1560 221 1711 342 Q

506 415 743 493 Dicto
794 413 1039 494 Anno
1111 427 1317 494 1681.
1371 408 1778 511 postquam
1849 419 2148 512 aliquot
2196 440 2381 494 con-
2424 393 2429 418 ⁸

405 512 763 591 tionibus
810 509 1014 607 quali
1047 505 1447 587 Ministerii
1467 511 1620 586 mei
1638 512 1986 604 primitiis
2023 535 2148 587 me
2181 527 2382 588 exer·

407 612 577 689 cui,
628 625 1025 708 parentum
1077 605 1433 705 permiffu
1496 623 1730 700 atque
1774 606 2098 703 confilio
2134 608 2228 682 ad
2256 631 2385 707 pe·

402 705 1005 804 regrinationem
1049 702 1458 781 literariam
1503 722 1628 778 me
1661 703 1997 787 contuli,
2043 704 2179 784 ubi
2205 699 2386 779 Gala
2413 724 2487 829 ρ

403 800 571 890 licae
611 804 887 898 linguae
912 802 1363 894 cognitione
1400 796 1591 874 mihi
1620 819 1814 899 opus
1851 819 2050 883 erat,
2091 815 2173 874 ut
2203 797 2392 878 faci-

405 896 554 975 lius
598 897 903 993 reliquis
959 894 1154 969 locis
1218 892 1825 990 hominibusque
1886 896 1998 970 uti
2068 894 2392 994 pofl‘ems

405 991 629 1070 Cum
710 1010 965 1066 autem
1035 1009 1405 1084 magnum
1495 989 1606 1066 illi
1692 988 1936 1067 fuiffet
1988 987 2395 1070 Neocomi

406 1087 949 1166 Helvetiorum
1010 1086 1616 1163 commercium,
1717 1087 1967 1164 alebat
2044 1088 2255 1164 enim
2302 1106 2395 1162 ex

408 1181 539 1260 illa
558 1183 745 1260 urbe
779 1177 1069 1257 multos
1106 1204 1195 1257 ex
1226 1182 1614 1281 praecipuis
1653 1176 1961 1258 familiis
1989 1203 2401 1260 commen-

406 1274 614 1356 sales,
639 1276 1247 1354 Montmollinos
1266 1323 1288 1359 ‚
1323 1273 1689 1352 Braunios
1707 1324 1729 1359 ‚
1776 1273 2398 1361 *Ostetvvaldioa

407 1369 779 1451 effeaum
836 1368 987 1457 est,
1043 1391 1126 1451 ut
1171 1398 1261 1451 ex
1297 1371 1690 1466 praenobili
1721 1369 2240 1451 Brauniorum
2293 1372 2405 1450 fa-

301 1498 305 1506 ’
408 1468 625 1547 milia
656 1466 1115 1545 nanciscerer
1135 1486 1499 1543 mutuum
1545 1461 2213 1563 praestantiffimum
2267 1470 2407 1547 Sa-

407 1564 756 1642 muelem
801 1563 1213 1640 Braunium
1246 1611 1267 1646 ,
1320 1562 1522 1660 apud
1556 1562 1763 1652 cujus
1788 1563 1889 1641 D.
1924 1563 2260 1640 Matrem
2300 1565 2406 1640 vi-

409 1658 650 1737 duam
678 1707 700 1741 ,
741 1680 1177 1736 matronam
1230 1654 1830 1735 florentissimam
1894 1657 2085 1742 osto
2121 1658 2409 1735 menfi-

413 1755 561 1830 bus
594 1754 767 1852 degi
803 1777 926 1829 am
989 1751 1440 1831 liffimorum
1472 1752 1696 1853 ipfius
1747 1752 2091 1830 filiorum
2125 1750 2410 1832 favore

405 1847 584 1927 'usus
620 1899 644 1933 ‚
696 1850 906 1926 admi
969 1873 1054 1925 us
1098 1853 1327 1927 etiam
1385 1850 1480 1926 ad
1518 1847 2131 1950 incomparabilis
2190 1849 2412 1927 Poli-

411 1949 546 2022 tiei
620 1945 1162 2023 Montmollini
1228 1947 1307 2022 dc
1350 1944 1832 2023 Venerabilis
1886 1940 2413 2023 Ostervvaldii

392 2040 649 2119 -Patris
697 2042 939 2121 aedesae
1024 2041 1141 2116 Eo
1210 2042 1580 2133 temporis
1648 2041 2101 2122 intervallo,
2133 2041 2412 2136 primis

412 2139 599 2215 anni
637 2144 845 2218 1682·
886 2137 1265 2217 menfibus
1316 2136 1511 2229 febri
1559 2155 1949 2238 correptus
1976 2133 2137 2238 sum
2167 2183 2191 2218 ‚
2231 2158 2419 2233 quae

407 2242 705 2408 *ramsenf
734 2237 991 2347 ‹iivina
1047 2234 1515 2335 benignitate
1564 2233 1642 2310 ὅ(
1675 2232 1958 2311 medici
1978 2252 2157 2308 cura
2212 2255 2420 2314 mox

418 2348 525 2426 pu
580 2353 627 2405 a
694 2349 829 2408 uit.

512 2489 785 2588 Qum
834 2508 1097 2578 autem
1141 2488 1530 2579 laboribus
1591 2489 1957 2591 lenioque
2050 2512 2222 2570 non
2280 2515 2425 2594 pa·

411 2600 588 2663 rum
630 2585 1052 2666 infirmatus
1119 2607 1337 2688 pater
1397 2590 1596 2690 apud
1647 2589 1717 2664 se
1756 2581 2151 2672 statumen
2208 2588 2424 2669 mihi

365 2708 368 2713 ’
415 2686 1107 2782 peregrinationem
1190 2687 1527 2784 plurium
1583 2683 1897 2781 quidem
1962 2684 2351 2764 locorum
2391 2731 2423 2772 ,

253 2808 258 2810 ’
412 2800 582 2854 non
618 2799 876 2860 tamen
908 2780 1279 2878 longioris
1342 2803 1580 2859 mora:
1623 2780 2087 2860 concedere,
2127 2801 2220 2858 ut
2269 2784 2425 2858 mi-

293 2924 298 2929 ·
412 2871 503 2950 hi
564 2873 935 2970 adipsum
983 2876 1277 2956 redire,
1334 2874 1388 2952 fi
1430 2879 1535 2953 ita
1580 2875 1758 2953 Deo
1791 2875 2023 2953 QM.
2081 2874 2424 2974 placuiss-

414 2968 562 3052 set,
615 2969 966 3052 daretur,
1019 2971 1353 3057 Gallicae,
1380 2973 1650 3068 linguae
1684 2973 1884 3058 iaCtis
1939 2966 2432 3051 fundamen-

417 3066 551 3149 tis,
608 3065 1004 3149 Genevam
1044 3067 1477 3146 Neoeomo
1511 3064 1884 3168 proficisci
1932 3065 2179 3156 jubet,
2236 3091 2427 3166 quo

411 3161 672 3237 mense
722 3163 941 3249 Maio
978 3161 1257 3258 praefati
1303 3165 1480 3238 anni
1523 3163 1827 3265 appuli,
1862 3182 1946 3239 ut
1983 3165 2253 3255 aliqua
2327 3167 2428 3244 il-

416 3252 522 3340 lic
555 3279 775 3334 mora
808 3256 1001 3335 fasta
1038 3258 1219 3336 inde
1255 3256 1564 3341 Gallias,
1591 3261 1998 3356 Angliarn‚
2037 3259 2427 3356 Belgium

415 3352 1089 3445 contenderem&
1130 3377 1261 3453 per
1322 3352 1813 3430 Germaniam
1876 3352 2217 3429 reditum
2277 3380 2424 3460 pa-

412 3468 662 3523 rarem
690 3498 714 3534 ‚
802 3448 937 3539 has
998 3454 1207 3527 enim
1266 3447 1416 3549 ipse
1457 3471 1683 3526 terras
1720 3449 1905 3545 quin
1965 3449 2285 3545 uaginta
2342 3457 2430 3536 ac

414 3541 757 3643 pluribus
840 3563 1061 3622 antea
1128 3551 1343 3623 annis
1390 3539 1848 3623 lustraverat.
2027 3565 2131 3620 eo
2192 3548 2431 3634 aliter

413 3635 700 3723 visum,
837 3643 917 3717 ui
982 3639 1208 3718 nobis
1263 3646 1366 3718 ita
1416 3641 2025 3736 proponentibus
2066 3639 2448 3744 disponit·

416 3731 775 3813 clementi
836 3758 991 3814 ime
1023 3739 1100 3817 δε
1132 3735 1659 3839 sapientiffime
1708 3738 1817 3814 uti
1835 3735 1974 3832 ips·
1992 3735 2246 3816 visum
2275 3735 2424 3818 est.

2230 3832 2424 3917 Ista-

2430 4098 2439 4155 ἑ
