2590 4326
1049 55 1403 219 vaae<
1454 106 1595 214 aa
2124 118 2291 207 2³9

276 285 554 370 nafitu's
590 290 961 374 Allante,
995 291 1334 382 Jacobur
1377 291 1673 371 Arabes
1710 293 2040 372 Arabiee
2062 340 2088 376 2
2119 289 2283 371 Ro·

273 409 566 467 manos
603 389 967 466 Romane
1009 389 1401 478 Joaunes‚
1451 389 1645 466 alios
1698 389 1910 467 aliter
1939 384 2128 482 allii,
2184 386 2297 460 εδ.-

275 478 621 576 ’κημόνως
655 483 764 572 ul
800 479 994 552 Μυῒ
1018 478 1202 568 τάξιν
1237 482 1450 568 affari
1482 487 1926 591 potuerint?

1161 678 1237 765 S.
1293 678 1426 762 XI.
1549 699 1555 714 ‘

431 824 545 904 At
577 846 665 904 ut
704 821 1145 928 proficiscar
1179 847 1328 911 eo,
1383 833 1553 926 quo
1587 821 1908 906 instituti
1955 850 2086 906 me
2120 830 2277 921 iarn

328 919 578 1002 tidem
631 941 869 1003 vocat
915 923 1156 1004 ratio,
1271 922 1469 1001 lures
1523 924 1604 1000 in
1642 920 2098 1027 Apostoliea
2150 926 2279 1005 illa

336 1015 727 1098 enteeoste
766 1018 1059 1117 linguas
1087 1018 1197 1097 fui
1255 1044 1297 1096 e
1332 1018 1671 1104 auditas,
1714 1021 1882 1099 rudi
1927 1023 2281 1103 Minerva

270 1117 477 1201 dixi,
517 1138 726 1193 nuuc
759 1117 855 1195 de
892 1135 1256 1195 accurato
1318 1113 1631 1195 istarum
1655 1168 1678 1202 ,
1719 1140 1910 1213 quas
1966 1121 2279 1197 attoniti

267 1211 754 1293 miraculosae
784 1212 987 1290 illius
1032 1214 1441 1293 concionis
1482 1210 1871 1292 auditores
1923 1236 2279 1294 comme-

268 1331 594 1388 morant
615 1358 641 1396 ,
683 1311 1119 1404 linguarum
1148 1330 1484 1386 numero
1519 1307 1957 1411 pauciffima
1986 1312 2269 1390 dicam.

271 1405 504 1485 Num
540 1404 863 1483 duarum
916 1404 1281 1484 duntaxat
1318 1404 1831 1489 dialectorum
1886 1405 2014 1489 hic
2047 1430 2276 1507 gene-

273 1524 356 1580 ra
394 1504 921 1605 exprimuntur
967 1501 994 1577 ἓ
1071 1504 1290 1581 Num
1352 1503 1693 1583 duorum
1734 1502 2101 1582 duntaxat
2138 1527 2274 1604 po·

330 1599 649 1678 ulorum
681 1597 807 1675 hic
839 1599 1163 1677 nomina
1197 1599 1725 1678 celebrantur?
1758 1600 2001 1688 Neuti
2064 1624 2273 1680 uam.

373 1697 547 1774 ultis
592 1696 764 1773 sane
795 1692 1218 1798 parasangis
1270 1696 1718 1796 Cecropem
1756 1748 1782 1785 ‚
1852 1697 2001 1775 Mo
2098 1696 2276 1778 soli-

275 1792 583 1872 diffimo
608 1792 1103 1871 Hebraearum
1146 1794 1414 1894 legum
1457 1795 1682 1872 latori
1727 1794 2271 1893 coaevum.qui

273 1889 464 1968 duas
525 1888 967 1990 AEgyptiam
1047 1894 1321 1993 pariter
1376 1890 1454 1999 ᾇ(
1518 1891 1869 1970 Graeeam
1935 1887 2274 1972 calluiffe

269 1988 573 2085 linguas
621 1986 952 2074 ereditur
983 2033 1007 2069 2
1070 2008 1164 2063 ae
1212 1982 1446 2069 διΦνηε
1490 2005 1888 2090 propterea
1928 2036 1950 2071 2
1998 2013 2090 2069 ex
2138 2009 2270 2086 ge·

267 2087 492 2161 mina
528 2080 740 2183 quafi
788 2081 1270 2186 compositus
1316 2102 1578 2160 natura
1604 2131 1629 2167 ‚
1701 2085 2085 2165 veteribus
2133 2106 2269 2165 co-

267 2183 775 2278 gnominatur
806 2233 828 2262 ‚
901 2177 1269 2276 Apostoli
1358 2177 1529 2277 post
1620 2178 1692 2259 se
1764 2182 2261 2280 reliquerunt.

269 2277 503 2356 Num
548 2281 782 2359 tribus
827 2278 1056 2378 igitur
1102 2276 1393 2376 linguis,
1439 2280 1889 2355 animorum
1949 2274 2269 2358 suorum

252 2435 260 2445 .
329 2397 642 2455 romere
677 2373 874 2452 sensa
915 2394 1302 2453 noverunt
1335 2371 1364 2445 ζ
1414 2374 1653 2454 Prout
1698 2375 2034 2453 Ennium
2064 2373 2267 2467 olim

333 2494 582 2551 oetam
620 2492 809 2551 tres,
856 2471 1208 2549 Latinam
1244 2469 1524 2549 scillcet
1545 2523 1567 2553 .
1600 2469 1914 2551 oscam,
1952 2471 2029 2549 ὅ(
2058 2470 2280 2548 Grae-'

270 2593 491 2655 eam,
542 2565 855 2646 tenuisse
884 2566 1176 2667 linguas
1213 2561 1613 2651 testantur,
1662 2592 1899 2669 quam
1940 2568 2049 2646 ob
2097 2589 2266 2646 rem

272 2670 377 2747 ita
415 2689 599 2745 eum
627 2659 955 2745 vetustas
989 2662 1099 2742 est
1127 2665 1494 2744 admirata
1519 2714 1544 2746 ‚
1588 2685 1673 2743 ut
1703 2667 1774 2745 ei
1806 2667 1947 2745 tria
1982 2687 2265 2744 eonce-

274 2766 458 2843 dere
496 2762 735 2841 corda
777 2784 943 2840 non
988 2760 1369 2838 dubitarit.
1500 2760 1649 2839 Sed
1705 2761 1851 2840 alia
1903 2758 2263 2857 profe&o

273 2863 569 2952 majora
612 2860 710 2936 de
745 2857 1262 2937 laudatiffimo
1306 2857 1443 2937 illo
1490 2862 1561 2935 A
1620 2855 2065 2937 ostolorum·
2098 2878 2265 2936 εοε-

269 2975 360 3037 tu
400 2962 482 3037 in
520 2952 977 3036 sanstiffimis
1021 2951 1481 3032 Divinarum
1602 2951 2030 3033 istoriarum
2088 2978 2257 3032 mo·

266 3055 664 3134 numentis
695 3052 918 3129 nobis
953 3049 1414 3155 panduntur.
1516 3053 1689 3131 Nec
1731 3069 1952 3130 tanto
1990 3053 2253 3147 princi-

325 3176 464 3232 um
493 3201 515 3236 ,
620 3171 753 3226 uas
793 3147 1060 3226 dicunt
1104 3195 1127 3232 2
1187 3168 1277 3226 ac
1346 3147 1585 3226 veluti
1623 3168 2065 3250 parentum,
2114 3146 2261 3223 He·

327 3272 524 3336 raeae,
637 3266 840 3323 raecae
872 3246 949 3323 ὅ(
980 3243 1311 3325 Latinae,
1354 3243 1785 3343 linguarum
1822 3244 2265 3322 ternionem

270 3349 696 3428 adorarunt
735 3342 983 3426 cultu,
1028 3359 1113 3417 ut
1156 3364 1282 3419 eas
1314 3341 1507 3420 solas
1557 3338 1820 3418 futuro
1863 3332 2265 3417 suavissimi

264 3442 662 3545 Evangelii
704 3440 1100 3542 praeconio
1142 3435 1624 3519 destinarint,
1679 3460 1780 3514 eo
1833 3434 2053 3533 quod
2100 3434 2266 3513 illas

259 3547 544 3652 quibus
578 3538 863 3623 Crucis
905 3555 1299 3627 exararunt
1339 3537 1653 3616 titulum
1695 3530 2091 3616 dialectos,
2123 3532 2262 3608 suo

1150 3632 1306 3730 ΩΑ
2182 3630 2266 3705 in
