2590 4326
867 93 1011 208 ἐκ
1120 96 1234 208 >xc
1336 94 1479 210 ἔκ
1738 114 1743 119 ’
1965 235 1968 238 ,
2042 122 2196 214 593
2339 143 2343 148 ·

1143 361 1213 451 §.
1265 359 1354 438 H.

318 453 972 558 Quemadmodum
990 471 1234 542 autem
1262 455 1636 633 ffirversae
1664 456 2048 562 Scripturae
2071 460 2197 539 Sa-

203 569 360 632 crae
391 556 1024 654 interpretationes
1044 611 1066 640 ,
1139 575 1233 630 ex
1313 557 1348 588 ·‘
1389 567 1713 653 ‘guarum
1735 560 2191 657 ignorantia,

208 654 559 751 ‘genuinae
610 649 1207 728 Hermeneutices
1301 651 1747 751 negligentia
1784 710 1807 741 ,
1853 653 2195 755 perversis

212 772 320 825 ex
371 762 734 848 corruptae
761 745 1240 847 Philosophiae
1258 751 1639 849 praeceptis
1665 805 1687 836 ,
1725 753 2198 852 opinionibus

201 844 342 921 ¹vel
376 870 416 922 a
448 845 861 944 parentibus
904 842 1022 919 vel
1060 869 1101 920 a
1158 840 1508 945 magistris
1554 845 1926 935 instillatis,
1966 849 2201 926 velex

215 941 597 1019 oscitantia
631 940 1068 1017 sexcentisve
1109 939 1260 1018 aliis
1291 941 1510 1021 caufis
1538 957 1742 1032 natae,
1780 941 2030 1023 multis
2088 971 2200 1024 er*

215 1040 512 1115 roribus
553 1039 631 1115 ὃς
694 1036 877 1114 falfis
917 1034 1395 1137 Religionum
1428 1038 1798 1139 speciebus
1831 1039 1944 1118 ori
1995 1044 2199 1121 inem

216 1137 693 1236 praebuerunt
716 1191 738 1221 ,
788 1131 893 1211 ita
920 1134 995 1210 δε
1034 1126 1332 1211 viciffim
1378 1160 1699 1230 erroneae
1759 1137 1897 1220 illae
1998 1164 2039 1216 e
2086 1165 2200 1217 re-

218 1237 364 1310 bus
407 1232 499 1309 ad
537 1231 972 1332 religionem
1004 1235 1533 1333 pertinentibus
1568 1257 1616 1309 o
1673 1237 1959 1324 iniones
1980 1229 2201 1315 semel

218 1327 567 1429 susceptae
616 1329 703 1405 &f
731 1329 1174 1429 approbatae,
1208 1345 1591 1432 perverten
1646 1354 1694 1407 o
1740 1330 1808 1408 S.
1876 1330 2202 1447 Scriptu-

161 1517 167 1523 ,
214 1441 323 1504 1·ae
382 1425 608 1502 sensui
681 1426 756 1502 δε
799 1422 1094 1500 infinitis
1176 1429 1411 1526 pravis
1486 1430 2202 1542 interpretatiombus

218 1521 452 1601 causae
493 1525 907 1600 extiterunt.
1009 1519 1402 1625 Postquam
1430 1525 1626 1600 enim
1667 1527 1741 1612 1i,
1769 1529 1895 1626 qui
1927 1530 2113 1605 circa
2123 1528 2197 1609 S.

221 1613 1379 1719 Litteraruminterpretationem
1449 1617 1731 1710 versati,
1813 1638 2039 1701 certas
2083 1621 2206 1702 vel

221 1719 532 1817 ingenio
572 1714 704 1793 suo
724 1773 746 1804 ,
783 1716 902 1810 vel
936 1719 1138 1793 avitae
1173 1714 1679 1817 superstitioni,
1730 1716 1847 1796 vel
1907 1721 2206 1823 quaestui

223 1816 813 1893 accommodatas
850 1814 1236 1912 opiniones
1282 1814 1780 1988 susceperunt,
1859 1820 1937 1894 in
1963 1816 2031 1896 S.
2077 1839 2204 1898 'eas
2273 1887 2274 1890 n

224 1912 679 2011 Scripturam
705 1911 968 1987 inferre
992 1967 1013 1996 ‚
1061 1913 1307 2010 eisque
1339 1914 1417 1986 in
1512 1915 1761 1989 etortis
1806 1915 1957 2010 ejus
1980 1918 2203 1993 inter-

224 2009 761 2112 pretationibus
804 2009 1110 2107 gratiam
1129 2021 1201 2084 at
1253 2031 1346 2084 ue
1380 2007 1892 2086 authoritatem
1926 2028 2204 2111 quaere-

224 2126 312 2185 re
340 2129 498 2183 non
520 2105 962 2192 dubitarunt,
1032 2128 1133 2183 uo
1153 2104 1195 2181 f
1455 2106 1556 2184 est
1593 2119 1679 2182 ut
1710 2104 1777 2184 S.
1798 2098 2087 2188 Litterae
2124 2113 2208 2190 in

227 2205 574 2284 omnium
611 2224 941 2281 errorum
1099 2205 1543 2302 opinionum
1570 2195 2208 2286 absurdiffimarum
2310 2256 2315 2261 -
2389 2263 2397 2272 -

230 2304 564 2403 quamvis
611 2297 1020 2400 praefidium
1046 2302 1346 2388 vocari,
1402 2325 1444 2377 a
1473 2299 1939 2378 diverfissimis
1990 2307 2215 2403 parti-
2268 2383 2272 2387 ,

229 2401 372 2477 bus
413 2399 606 2474 utrin
659 2415 752 2472 ue
795 2389 1015 2484 trahi,
1075 2398 1150 2474 &
1190 2397 1282 2474 ad
1335 2396 1568 2475 nullas
1610 2418 1768 2474 non
1818 2402 2207 2498 opiniones

237 2496 317 2573 δε
366 2495 636 2573 damno
665 2491 931 2570 issimos
970 2517 1247 2589 errores
1301 2492 1877 2581 confirmandos,
1910 2498 1998 2573 ab
2026 2501 2211 2575 anti-

179 2661 186 2667 .
235 2591 580 2697 quiffimis
618 2594 764 2689 jam
809 2592 1262 2693 temporibus
1307 2589 1630 2670 adhiberi
1662 2590 1885 2672 solitae
1913 2593 2204 2674 fuerint.

1066 2781 1135 2875 δ.
1173 2778 1299 2864 ΙΠ.

268 2958 271 2959 f
341 2890 721 3007 Quantum
763 2916 940 2981 vero
975 2893 1224 2974 damni
1260 2913 1356 2976 ex
1392 2893 1543 2976 hoc
1572 2887 1946 2978 Sacrarum
1980 2893 2206 2979 Litte-

1962 3021 2205 3076 rarum

438 3162 648 3236 'Cimo
711 3166 1047 3261 conquqlhts
1093 3159 1171 3257 est
1200 3214 1222 3248 ,
1291 3148 1473 3233 niliil
1519 3130 1669 3235 tam
1718 3140 2012 3237 abffirde
2062 3152 2209 3238 diei

440 3256 649 3355 quod
686 3280 842 3335 non
872 3260 1148 3335 dicatur
1178 3258 1266 3334 ab
1285 3255 1531 3356 aliquo
1564 3252 2200 3358 Philosophorum3

432 3364 728 3448 conqueri
751 3357 905 3453 sae-pe
921 3354 1132 3449 neceffi·
1159 3356 1270 3445 fit5
1303 3352 1466 3427 nihil
1498 3372 1630 3426 tam
1659 3355 1921 3446 absurde
1929 3357 2209 3445 somnia-

413 3459 503 3524 Ὑί
527 3449 692 3546 poll}
711 3507 737 3537 ,
805 3453 980 3547 quod
1013 3478 1140 3524 non
1167 3480 1207 3523 a
1280 3450 1595 3522 uibus‘dam
1637 3462 1956 3546 quati-atur
1990 3459 2057 3522 in
2081 3452 2209 3546 ipsb
2315 3512 2318 3519 f

438 3550 633 3620 verbo
707 3556 851 3622 Dei.
985 3545 1109 3625 W
1291 3542 1749 3626 NFELSIUS
1812 3548 1906 3627 de
1958 3542 2208 3649 Scopo

436 3639 818 3744 Interpret.
2136 3738 2139 3743 ,
