2590 4326
404 181 565 289 376
1112 171 1252 283 ἓᾶ
1363 181 1470 287 )t·(
1580 181 1722 289 ’ἐ

2132 318 2397 341 m

403 385 612 439 mure
663 357 896 445 Coeli,
961 381 1151 459 quos
1200 356 1340 434 diri
1382 358 1665 436 conscia
1725 358 1888 437 faffi
1922 385 2131 438 mens
2176 363 2399 445 habet

403 459 802 544 attonitos,
890 456 966 531 &
1046 454 1266 532 surdo
1325 458 1625 535 verbere
1670 457 1922 546 caedit,
2012 462 2398 543 occultum

455 556 776 632 uzitiente
811 556 1058 630 animo
1077 555 1362 630 to'rtore
1394 553 1783 654 flagellum.
1885 553 1953 631 Is
2011 580 2105 632 ex
2144 559 2399 636 adver-

399 580 566 731 gam‘
596 652 903 727 eandem
942 648 1338 751 aequiffimo
1365 655 1611 728 animo
1662 650 2039 751 exspestat,
2060 656 2218 733 imo
2233 681 2398 734 om-

404 750 617 826 nibus
661 747 800 825 suis
824 746 1042 825 Votis
1088 751 1368 848 expetit
1386 806 1406 836 ‚
1461 763 1683 849 atque
1730 764 1818 825 ut
1865 753 2082 826 meris
2125 751 2399 833 Gratiis

400 845 811 925 Veneribus
865 871 960 923 ue
1010 845 1368 959 perfusam
1420 846 1621 923 laetus
1661 845 1960 947 adspicit
1976 905 1996 934 ,
2057 852 2189 948 qui
2224 875 2399 951 pec-

404 959 571 1022 cato
602 968 735 1043 per
774 941 839 1021 C
934 944 1038 1020 ‘sti
1083 959 1404 1020 mortem
1432 959 1770 1021 mortuus
1826 946 1902 1020 &
1929 947 2240 1024 munda
2269 972 2399 1050 per

403 1041 721 1120 Crucem
797 1040 1125 1138 ejusdem
1178 1038 1564 1117 crucifixus
1585 1098 1606 1129 ,
1663 1045 1779 1117 ·in
1851 1038 2141 1120 Christo
2190 1049 2391 1124 vivit.

402 1137 547 1217 Hic
600 1137 1025 1239 supremum
1063 1134 1274 1214 suum
1329 1137 1524 1215 diem
1571 1141 1830 1216 obiens
1849 1197 1871 1227 ‚
1916 1140 2074 1217 obit
2102 1140 2335 1232 laetus³
2355 1171 2393 1222 a

404 1236 712 1313 vinculis
761 1238 817 1313 it
892 1235 982 1312 ad
1038 1235 1445 1312 libertatem
1465 1292 1486 1323 ,
1564 1261 1603 1312 a
1647 1239 1836 1313 curis
1872 1239 1947 1313 δε
1995 1242 2392 1337 angoribus

403 1333 497 1412 ad
542 1334 824 1434 gaudia.
925 1331 1250 1430 Absolvit
1298 1334 1456 1419 iter,
1493 1331 1811 1410 decurrit
1855 1334 2164 1412 stadium
2184 1393 2207 1424 ,
2297 1338 2394 1415 al.

405 1456 604 1509 mam
639 1445 962 1531 reportat
1024 1431 1098 1506 &
1189 1453 1562 1506 coronam.
1665 1429 1970 1508 Utinam
2006 1457 2189 1532 ergo
2299 1461 2392 1515 oc

400 1552 782 1632 nunquam
812 1523 1468 1603 dememiniffemus
1504 1584 1527 1615 ,
1575 1530 1859 1605 utinam
1899 1530 2105 1626 juxta
2144 1537 2389 1611 moni-

401 1639 566 1703 tum
598 1626 891 1722 fizpienttk
911 1679 931 1710 ,
974 1632 1044 1696 in
1084 1633 1254 1698 omni
1299 1627 1601 1721 quicquid
1626 1645 1744 1704 aut
1796 1635 2029 1724 agimus
2059 1649 2179 1702 aut
2207 1634 2389 1705 moli-

399 1745 588 1809 mur,
612 1724 731 1815 res
747 1730 1029 1796 iceremm
1042 1727 1279 1820 finem,
1311 1724 1593 1799 utinam
1628 1737 1713 1799 ut
1748 1723 2071 1825 prudens
2104 1725 2387 1816 futuri,

404 1821 480 1897 &
513 1816 665 1896 diffi
696 1844 777 1895 us
826 1821 1007 1895 mari
1056 1816 1286 1896 infido
1323 1818 1702 1897 nauclerus
1722 1876 1743 1907 ,
1797 1822 1873 1897 in
1926 1819 2201 1899 Celoce
2249 1823 2388 1901 fra-

403 1916 568 2018 gilis
629 1917 889 1994 nostrae
955 1918 1032 1993 &
1070 1917 1259 1993 inter
1289 1916 1467 2015 ipsae
1499 1920 1754 1993 mortis
1787 1915 2009 2019 syrtes
2037 1922 2387 2020 navigan-

398 2017 493 2092 tis
531 2018 734 2102 vitae,
817 2017 896 2090 in
977 2036 1082 2114 pu
1134 2018 1215 2114 pi
1246 2014 1684 2101 identidem,
1755 2037 1917 2114 quae
1970 2040 2133 2116 pars
2179 2021 2383 2094 navis

388 2127 395 2133 ’
458 2112 767 2193 ostrema
798 2112 899 2190 est
925 2170 947 2200 ‚
992 2037 1399 2189 sefferemus
1450 2113 1524 2189 ὃς
1573 2110 1885 2190 Clavum
1927 2115 2379 2193 teneremus!

315 2214 319 2218 ’
487 2227 625 2291 uot
671 2210 970 2291 infames
1030 2224 1506 2312 peccatorum
1556 2210 1632 2285 &
1719 2210 2128 2287 ublicarum
2162 2214 2382 2290 etiam

404 2307 894 2398 offensionum
939 2307 1280 2408 scopulos
1307 2364 1330 2395 ‚
1406 2307 1630 2382 invias
1725 2321 1884 2384 otes
1911 2364 1933 2395 ‚
1986 2324 2383 2411 praeruptas

404 2408 482 2483 δε
529 2402 842 2482 abscissas
877 2427 1094 2505 rupes
1114 2461 1135 2490 ,
1172 2419 1363 2518 quot
1390 2402 1659 2503 Scyllas
1707 2401 2300 2580 Chffibdesaua
2341 2431 2384 2485 a

404 2504 670 2602 quibus
715 2501 929 2577 nobis
977 2512 1223 2588 aeterm
1250 2500 1605 2600 naufragii
1649 2503 1807 2603 peri
1931 2527 2062 2578 um
2092 2528 2132 2579 e
2214 2559 2234 2590 ,
2273 2503 2384 2579 se·

404 2597 644 2674 cunda
695 2599 1159 2696 navigatione
1207 2596 1895 2698 praeterveheremur
1912 2655 1935 2688 ,
1985 2602 2126 2677 tuti
2158 2602 2379 2680 etiam

392 2696 481 2771 ’δε
523 2696 703 2770 certi
782 2718 922 2771 nos
988 2693 1171 2771 olim
1202 2718 1376 2771 cum
1404 2696 1552 2792 jam
1586 2695 1885 2772 strident
1925 2698 2092 2774 vitae
2117 2697 2380 2775 nostrae

293 2860 296 2865 ,
382 2790 611 2867 ’funes
641 2847 662 2878 ‚
709 2793 1147 2869 curvabitur¹
1182 2792 1438 2880 arbor,
1502 2800 1780 2868 ‘ement
1929 2793 2319 2872 bernacula
2346 2851 2377 2883 ,

404 2902 693 2967 aeternae*
714 2886 1104 2966 securitatis
1135 2903 1440 2988 portum
1521 2887 1794 2965 eliciter
1854 2888 2189 2969 ubituros
2223 2948 2248 2979 ‚
2300 2893 2377 2967 ἃ.

280 3050 281 3053 κ
398 3008 559 3098 quo
592 2987 896 3085 propius
949 2985 1039 3063 ad
1078 3000 1397 3062 mortem
1447 2981 1784 3062 acceffuri
1816 2984 2059 3063 sumus
2078 3043 2100 3074 ‚
2146 3012 2243 3065 eo
2272 2990 2378 3064 ci-

402 3098 548 3160 t1us
582 3096 849 3158 terram
895 3084 1299 3158 viventium
1338 3081 1604 3158 visuros
1621 3136 1642 3167 ,
1703 3081 1796 3158 ali
1852 3083 2243 3185 uandoque
2293 3086 2374 3162 in

374 3178 629 3256 ⁴illa-ex
657 3176 790 3271 lon
903 3181 1367 3277 navigatione
1382 3181 1756 3279 quieturos
1775 3203 1814 3255 e
1872 3204 1932 3256 e.
2034 3179 2156 3258 Sic
2188 3205 2370 3282 ergo

402 3299 455 3377 q
513 3279 526 3293 ’
568 3276 769 3351 mori
791 3203 1292 3362 fficissservire
1315 3274 1606 3362 (servire
1649 3274 1920 3354 scilicet
1945 3281 2262 3377 peccatis
2298 3279 2375 3354 Sc

503 3371 772 3449 effibus
787 3428 807 3460 ,
911 3372 1068 3448 uod
1112 3368 1495 3470 pessimum
1539 3374 1794 3472 utique
1846 3371 2201 3470 servitutis
2221 3404 2226 3409 ⁴
2238 3399 2378 3474 ge-

375 3491 538 3565 ‚nus
578 3469 715 3563 est)
794 3467 883 3545 de
943 3466 1106 3544 'scit
1209 3467 1328 3544 Sic
1393 3490 1695 3568 quoque
1752 3477 2096 3566 Gregorii&
2130 3480 2240 3547 Μ.-
2293 3474 2376 3547 in

400 3564 795 3677 moralibps
822 3563 962 3644 suis
978 3566 1291 3654 monuit,
1313 3567 1590 3664 perfeela
1617 3573 1757 3643 vita
1793 3572 1892 3666 est,
1917 3572 2141 3644 morttk
2171 3569 2381 3642 medl-

1851 3682 1852 3685 ’
2179 3674 2375 3752 tatio.
