2590 4326
367 141 555 235 ι370
612 114 659 138 ”
1107 123 1250 234 ’ἐ
1304 119 1459 229 )2(
1515 122 1651 228 ἐκ

390 307 660 405 leribus
689 363 710 394 ,
773 307 849 384 &
887 305 1102 381 tacita
1144 301 1399 380 sudant
1458 289 1853 403 praecordia
1900 301 2117 404 culpa
2155 360 2180 392 ‚
2269 325 2396 381 res

394 429 490 482 eo
521 404 940 489 devenerit3
990 415 1077 479 ut
1116 399 1376 476 feralis
1414 398 1755 476 sententia
1807 402 1886 475 in
1938 399 2218 477 sacrum
2267 427 2392 479 ca-

501 515 533 578 t
584 501 742 577 astu
774 500 1239 599 pronuntiata
1255 552 1277 584 ,
1339 510 1555 599 atque
1587 496 1738 573 dies
1800 496 2129 599 horaque
2145 555 2167 586 ,
2215 502 2398 600 qui-

394 524 536 691 giis
574 596 864 697 publice
909 593 1283 695 ducendus
1340 595 1440 669 est
1483 650 1528 694 ,Ι
1564 593 1824 669 ἰηάιᾶει
1879 592 1964 670 fit
2010 650 2033 681 ,
2100 596 2263 673 imo
2307 612 2398 673 ut

395 696 544 793 jam
579 694 990 770 obnubatur
1022 748 1044 779 ‚
1130 705 1351 790 caput
1408 689 1514 765 illi
1561 689 1875 778 veletur,
1930 690 2233 794 laqueus
2311 695 2394 768 δι

397 791 688 868 vincula
725 791 811 868 ab
845 789 1158 865 adstante
1204 785 1534 864 carnifice
1566 786 2000 866 inducantur
2025 843 2048 877 ,
2095 789 2246 887 ipsa
2270 788 2395 866 su-

400 911 651 990 prema
680 911 839 987 quae
888 885 1080 962 adest
1125 884 1307 960 hora
1346 883 1564 961 talem
1617 882 2193 973 hominem,nifi
2216 910 2394 963 om-

399 1008 575 1064 nem
611 982 822 1084 plane
874 985 1129 1058 anirnae
1181 978 1321 1056 suae
1352 1004 1599 1056 curam
1641 980 1997 1080 deposuit,
2034 998 2258 1083 urget
2293 983 2416 1068 ad,

401 1085 712 1157 rationes
751 1078 901 1156 suas
921 1103 1095 1182 cum
1131 1076 1304 1156 Deo
1334 1078 1882 1175 componendas
1901 1136 1921 1167 ,
1965 1077 2181 1180 seque
2207 1104 2392 1160 cum

401 1178 572 1265 illo,
656 1201 820 1252 vera
867 1175 1106 1252 cordis
1151 1176 1581 1274 poenitentia
1622 1232 1643 1261 ,
1699 1191 2156 1276 quantocyus
2199 1202 2388 1254 con-

403 1268 816 1353 ciliandum.
917 1270 1125 1365 Quid
1196 1293 1333 1346 nos
1375 1269 1807 1347 homunculi
1839 1295 1954 1368 ‘ex
2003 1272 2254 1372 argilla
2310 1276 2389 1350 δε

401 1370 566 1447 luto
605 1370 749 1447 ficu
786 1369 1059 1454 sumus,
1100 1382 1272 1443 cum
1304 1369 1690 1464 recogito?
1744 1355 2015 1455 Certe,
2056 1373 2160 1446 rei
2177 1395 2389 1447 mor-

404 1470 518 1553 tis,
562 1467 794 1543 miseri
829 1478 1266 1565 peccatoreS,
1308 1465 1384 1539 in
1426 1487 1743 1563 quorum
1793 1468 2073 1542 animos
2131 1471 2385 1545 omnia

324 1609 327 1612 ι
405 1563 727 1665 prorsus,
792 1577 877 1640 ut
929 1564 1008 1637 in
1050 1560 1415 1661 quandam
1473 1560 1841 1638 coenosam
1896 1560 2254 1650 latrinam,
2279 1567 2387 1639 vi-

405 1663 506 1736 tia
530 1658 989 1745 confluxere,
1091 1656 1441 1733 erduelles
1466 1714 1490 1743 ‚
1539 1658 1944 1756 parricidae,
1981 1662 2139 1736 imo
2183 1658 2234 1735 fi
2279 1660 2384 1739 fas

404 1754 492 1836 fit
550 1759 648 1832 ita
688 1755 977 1842 dicere,
1009 1681 1372 1839 Igeicidae,
1438 1768 1559 1830 aut
1588 1752 1913 1832 Deicidii
1968 1754 2217 1836 saltem
2282 1760 2387 1837 af-

403 1852 776 1929 fec‘tatores
804 1908 825 1939 ,
899 1875 1220 1952 quorum
1274 1849 1631 1949 supplicio
1699 1851 2010 1950 proinde
2065 1877 2231 1944 ⁸uon
2258 1856 2381 1931 de-

406 1951 568 2025 buit
608 1974 754 2025 una
791 1951 1021 2049 parari
1041 1946 1279 2034 simia,
1330 1972 1472 2023 nec
1502 1947 1787 2047 serpens
1832 1973 2058 2037 unus,
2095 1973 2234 2029 nec
2253 1975 2384 2028 cu-

405 2046 564 2123 l'eus
591 2070 799 2122 unus.
900 2043 1309 2141 Abjudicati
1336 2044 1677 2140 hincjam
1710 2069 1748 2121 a
1783 2047 1929 2121 vita
1984 2048 2063 2142 in
2101 2047 2380 2144 judicio

408 2142 691 2226 Divino
735 2142 1014 2237 summ,
1082 2141 1156 2219 &
1187 2141 1636 2222 irrevocabili
1765 2142 2024 2221 uadam
2077 2159 2297 2246 atque
2328 2145 2387 2227 fi

411 2244 510 2322 ita
558 2240 657 2316 fas
698 2238 784 2318 fit
841 2240 1076 2315 dicere
1109 2254 1156 2325 ,“
1198 2237 1390 2338 plus
1422 2264 1642 2341 quam
1693 2252 1734 2317 c
1788 2239 2037 2339 alybea
2082 2243 2158 2316 &
2215 2243 2379 2321 ada-

415 2339 738 2421 mantina
793 2333 1211 2411 neceflitatis
1290 2334 1453 2434 lege
1503 2336 1591 2410 ad
1673 2351 1991 2423 mortem
2036 2336 2379 2427 damnati,
2429 2350 2434 2353 ’

413 2457 714 2539 eamque
752 2439 908 2507 nori
937 2429 1333 2530 simplicem
1362 2487 1383 2517 ,
1422 2430 1539 2506 sed
1574 2432 1837 2510 malam
1863 2490 1883 2520 ‚
1926 2432 2047 2512 sed
2098 2435 2404 2524 duram,-

410 2528 533 2608 sed
591 2529 919 2605 acerbam
942 2583 964 2613 ,
1018 2524 1216 2601 mille
1268 2550 1362 2603 ue
1407 2527 1558 2607 aliis
1620 2531 1973 2623 mortibus
2019 2528 2382 2619 difficilio-

410 2649 568 2700 rem
610 2680 630 2711 ,
684 2622 1084 2723 transcripti
1124 2624 1200 2699 ni
1229 2646 1255 2697 1
1286 2624 1657 2702 redeamus
1692 2627 1782 2706 ad
1821 2627 2136 2727 frugem„
2182 2645 2381 2709 aeter-

411 2717 769 2799 nis‘Erebi
808 2719 974 2819 post
1031 2719 1285 2796 funera
1341 2718 1674 2799 flammis.
1766 2721 1937 2804 Hoc
1978 2725 2161 2803 adeo
2229 2751 2384 2804 cer.

413 2831 575 2894 tum
613 2818 688 2894 ὅτ
721 2839 976 2895 verum
1026 2815 1162 2902 est,
1220 2829 1306 2891 ut
1342 2817 1528 2893 nihil
1558 2843 1882 2919 unquam
1920 2824 2211 2920 gravius
2261 2840 2380 2902 aut

413 2917 649 2991 verius
692 2911 1046 3013 prodierit
1061 2936 1152 2988 ex
1184 2905 1447 2992 Phoebi
1479 2912 1797 2993 Cortina.
1894 2918 2248 3016 Agnoscit
2305 2921 2380 3001 id

416 3011 492 3091 &
532 3026 847 3110 utroque
875 3008 1142 3108 pollice
1173 3007 1566 3108 subsignat,
1612 3013 1669 3086 is
1733 3015 1859 3112 qui
1903 3029 2226 3091 mortem
2255 3011 2376 3095 fibi

419 3110 868 3208 cogitatione
900 3103 1139 3196 reddit
1162 3105 1579 3186 familiarem
1598 3163 1618 3194 ‚
1661 3110 1735 3183 ὃς
1780 3107 1953 3201 hinc
1994 3111 2205 3190 facile
2220 3138 2378 3214 per-

417 3203 645 3304 spicit,
691 3196 1208 3301 urgentiffimas
1250 3199 1380 3279 fibi
1435 3200 1571 3291 effe
1621 3207 1930 3285 rationes
1951 3263 1971 3294 ‚
2005 3211 2377 3292 immorta-

418 3301 692 3379 litatein
717 3300 914 3377 suam
948 3295 1365 3397 cogitandi,
1402 3324 1538 3376 nec
1583 3301 1875 3378 brevem
1927 3303 2124 3384 suam
2160 3311 2382 3388 vitam

420 3398 703 3475 caducis
749 3394 1033 3495 insuper
1078 3393 1441 3478 laboribus
1477 3395 1862 3495 fatigandi,
1910 3416 2123 3501 atque
2198 3404 2374 3481 adeo

417 3493 556 3571 sese
606 3493 701 3572 ‘ad
746 3489 995 3570 Deum
1048 3514 1214 3565 vera
1276 3490 1551 3568 &seria
1593 3498 2026 3597 poenitentia
2077 3522 2376 3580 conver..

416 3588 615 3669 tendi
634 3643 664 3678 ,‚
714 3588 1215 3693 *precibusque
1274 3589 1352 3666 &
1399 3587 1780 3695 lachrymis
1824 3597 2130 3693 gratiam
2195 3597 2400 3679 illius-

2259 3722 2379 3795 qu&
