2590 4326
441 141 604 228 390
1193 126 1336 232 ’ἐ
1392 123 1536 231 )ἓ<
1591 120 1730 233 25⁸

434 303 669 379 servus
713 309 840 406 qui
905 303 1219 383 Domini
1264 301 1374 379 sui
1424 294 1817 378 adventum
1864 355 1887 387 ‚
1949 299 2429 385 certissimum

440 401 819 500 equidem,
851 401 1593 502 quanqumnincertis
1633 399 2088 486 momentis,
2153 401 2407 476 anxius

429 500 515 573 ’δε
548 496 863 574 solicitus
887 496 1263 597 exspestat.
1366 494 1650 588 Qidni
1689 519 1869 594 ergo
1911 496 2244 608 vigilaret
2281 551 2302 581 ,
2355 494 2405 572 fi
2418 544 2432 582 2

438 593 557 670 vel
588 595 951 675 tantinum
989 591 1135 671 nafi
1160 650 1181 681 ,
1227 607 1354 671 aut
1394 596 1471 667 in
1510 591 1802 691 pestore
1844 606 2027 669 aceti
2076 591 2340 673 habeat
2372 649 2403 685 Q,

440 691 683 767 noster
715 691 1114 769 Meditator
1143 746 1165 778 ,
1217 686 1347 790 qui
1387 692 1468 765 in
1503 703 1878 764 momenta
1924 687 2420 789 exspeetacul-

440 790 707 864 timum
749 789 956 865 illum
1004 784 1291 864 hostem
1331 783 1858 871 inexorabilem
1907 800 2254 881 mortem,
2294 810 2436 872 cu-,

440 885 555 983 jus
608 884 956 962 adventus
1029 886 1106 959 in
1150 882 1514 982 Scriptura
1561 881 2223 982 ipsa‘comparatur
2280 911 2415 957 cum

443 985 722 1056 adventu
748 984 1075 1073 subitaneo
1111 983 1285 1076 fieris
1310 988 1396 1065 „in
1456 985 1803 1076 intempaefia
1850 984 2027 1071 notffe
2046 1036 2067 1066 ,
2125 981 2203 1057 ὃς
2250 1004 2414 1056 cum

446 1101 600 1178 quo
629 1078 910 1175 junstus
935 1076 1147 1154 simul
1177 1078 1314 1153 erit
1361 1074 1709 1153 adventus
1752 1073 1968 1176 ipfius
1998 1074 2427 1161 Dominiad,

445 1177 758 1251 rationes
800 1174 952 1252 suas
1006 1173 1250 1251 secum
1285 1170 1771 1250 conficiendas
1817 1227 1841 1259 ,
1910 1174 2004 1250 ad
2049 1172 2420 1279 splendida

445 1270 566 1348 illa
609 1273 892 1349 arbitria
932 1271 1023 1351 de
1069 1270 1139 1348 se
1173 1269 1529 1355 facienda,
1576 1270 1650 1344 ὃς
1695 1268 2076 1346 hominem
2109 1325 2129 1356 ,
2221 1270 2422 1370 quod

447 1366 984 1466 Epaminondas
1016 1368 1197 1444 olim
1230 1366 1457 1442 altum
1500 1362 1821 1442 stertenti
1856 1370 1933 1441 in
1973 1364 2265 1466 specula
2293 1371 2427 1442 mi-

446 1465 596 1552 liti,
649 1465 1099 1542 horrendum
1133 1465 1210 1538 in
1243 1463 1558 1539 modum
1596 1464 1976 1541 intonabat
2003 1519 2022 1549 ‚
2054 1464 2281 1541 'talem
2319 1489 2431 1547 res.

427 1560 980 1663 *linquendum5
1005 1559 1297 1660 qualem
1335 1558 1544 1635 illum
1580 1561 2004 1636 inventurus
2039 1562 2140 1636 est
2166 1561 2198 1635 ἱ)
2222 1560 2425 1654 Quid

451 1655 552 1744 ni,
578 1663 898 1757 inquam,
926 1660 983 1732 is
1018 1659 1147 1756 qui
1185 1654 1341 1731 haec
1389 1658 1637 1732 omnia
1679 1653 1820 1732 fide
1856 1655 2425 1747 &solicitudine

448 1750 605 1842 sua,
647 1768 732 1831 ut
774 1756 921 1850 jam
965 1751 1330 1853 praesentia
1371 1765 1724 1851 occupat,
1777 1756 1904 1853 qui
1932 1768 2256 1845 mortem
2305 1754 2422 1829 fibi

450 1850 660 1952 supra
704 1848 1038 1929 Cervices
1078 1851 1379 1926 stantem
1421 1847 1832 1949 spiculaque
1858 1849 1981 1926 sua
2019 1853 2422 1937 vibrantem
2483 1904 2490 1908 -

448 1947 695 2048 aspicit
744 2002 766 2036 ‚
833 1948 1038 2045 cujus
1086 1968 1288 2023 aures
1342 1942 1626 2023 fulmen
1680 1944 1827 2025 hoc
1908 1950 2109 2023 vocis
2171 1950 2423 2026 ctebro

451 2044 608 2125 imo
656 2045 1057 2144 identidem
1095 2042 1433 2145 personat
1470 2099 1492 2130 ,
1535 2045 1674 2118 redi
1714 2070 1751 2118 ο
1776 2045 1886 2141 fili
1919 2042 2243 2120 hominum
2258 2102 2280 2134 ‚
2331 2047 2426 2120 di-

430 2139 629 2243 spone
668 2144 744 2218 de
799 2145 1013 2219 ‘edibus
1067 2146 1191 2222 tuis
1227 2198 1249 2230 ‚
1319 2150 1469 2240 quia
1510 2143 1903 2217 moriendum
1958 2146 2068 2238 est,
2145 2171 2279 2218 nox
2319 2163 2426 2233 tuq

452 2251 688 2338 appetit
711 2296 732 2327 ‚
810 2250 960 2337 quia
1012 2243 1222 2315 ultimi
1237 2241 1888 2337 §dzscrimimkftempus
1915 2241 2225 2314 adventat
2264 2295 2287 2327 ,
2339 2235 2427 2327 ἓξ

439 2341 738 2434 suprema
776 2335 930 2411 hora
975 2340 1133 2428 adest
1150 2393 1172 2423 ‚
1194 2340 1473 2431 funestas·
1507 2335 1732 2431 pffm
1764 2335 2044 2432 conspice}
2092 2359 2284 2433 cupre
2327 2365 2426 2422 os,

434 2436 790 2532 flebilesque
827 2461 1023 2507 mnas
1045 2489 1067 2519 ‚
1106 2461 1231 2507 ecce
1261 2434 1428 2504 iffam
1465 2460 1596 2527 quae
1638 2453 1702 2506 te
1731 2459 1881 2507 mox
1898 2435 2088 2528 plena
2132 2443 2281 2520 erit,
2330 2460 2435 2506 oc-

453 2532 657 2623 casum
687 2535 826 2620 jam
844 2532 950 2622 sbl
987 2550 1123 2603 tum
1156 2531 1393 2624 speHat
1407 2583 1427 2615 ,
1481 2531 1707 2602 nedum
1769 2548 1846 2601 ut
1861 2532 2142 2626 fregerit
2186 2532 2431 2603 demum

455 2627 773 2699 meridiem
814 2682 835 2713 ,
889 2626 1137 2724 fignwn
1172 2626 1579 2699 adventantis·
1603 2633 1956 2701 Servatoris
1968 2681 1991 2714 ,
2040 2628 2132 2699 ad
2159 2636 2428 2708 animam

352 2719 368 2736 ’
458 2742 637 2797 tuam
666 2753 705 2795 a
749 2725 897 2797 dato
933 2726 1211 2797 libertati
1238 2723 1368 2814 suae
1403 2724 1654 2797 vinculo
1686 2779 1708 2808 ,
1767 2749 1964 2796 nervo
2014 2720 2108 2810 89⁹
2129 2725 2431 2820 compedi·

460 2818 563 2893 bus
582 2819 713 2910 ficis
741 2822 1116 2915 eripiendam
1134 2875 1153 2905 ‚
1193 2823 1333 2914 qu
1368 2827 1628 2892 tertium
1652 2903 1659 2910 ,
1666 2823 1876 2916 ferme
1914 2819 2132 2905 datur,
2156 2905 2159 2906 ⁷
2181 2841 2294 2917 age
2345 2828 2432 2894 ito

454 2916 555 2989 illi
587 2923 657 2988 in
690 2918 1024 3009 occursum,
1072 2915 1269 2993 aliter
1294 2912 1550 3027 posset,
1579 2938 1798 3014 quam
1841 2938 2012 2991 cum
2038 2919 2276 3015 capite
2290 2919 2434 2991 ani-

463 3034 673 3087 mum
702 3010 911 3088 suum
945 3012 1191 3090 avidus
1221 3034 1497 3124 erigere
1527 3067 1551 3099 ,
1607 3013 1687 3087 &
1728 3010 2065 3111 fatigatos
2123 3014 2342 3089 etiam
2359 3014 2430 3088 &

462 3107 799 3185 cadentes
834 3109 998 3187 suos
1034 3107 1294 3187 oculos
1328 3132 1405 3183 m
1442 3131 1491 3183 o
1548 3132 1664 3184 ere
1696 3104 2010 3184 Domini
2036 3107 2432 3197 identidem

464 3204 807 3293 detinere,
851 3230 1071 3307 quam
1097 3205 1324 3282 saneta
1355 3228 1485 3281 cor
1542 3207 1594 3279 ‘s
1623 3202 1729 3282 sui
1769 3202 2110 3281 desideria
2148 3203 2433 3285 Christo

470 3302 764 3378 obviam
785 3302 972 3378 ⁴dare
996 3358 1018 3390 ,
1065 3302 1140 3376 ὃς
1183 3299 1406 3399 usque
1454 3325 1555 3382 ex?
1583 3303 1846 3399 penitis
1875 3300 2204 3388 faucibus
2225 3358 2248 3390 ,
2286 3305 2435 3379 imo

373 3465 382 3472 .
464 3398 778 3570 fedioris
819 3397 927 3475 sui
960 3395 1519 3501 profundiffimis
1577 3396 1805 3497 adytis
1823 3452 1844 3484 ‚
1872 3421 2062 3483 ‘cum
2089 3397 2341 3499 sponsa
2354 3397 2438 3490 il÷

495 3516 624 3572 um
689 3494 1072 3577 inclamare
1105 3551 1127 3585 ‚
1181 3499 1292 3594 Eja
1345 3504 1490 3574 vetti
1529 3502 1800 3576 Domine
1832 3496 1983 3591 Jqfu
2028 3550 2055 3583 ‚
2139 3505 2288 3576 Veni
2324 3498 2445 3570 lux

591 3637 594 3640 Δ
2042 3617 2049 3623 ’
2130 3653 2137 3668 2
2252 3619 2387 3668 mea
2409 3649 2451 3680 ,,
