2590 4326
852 56 1477 170 212⁹)=(3³&·
1800 66 2188 163 --381

174 245 435 341 Jbrores
472 269 628 315 meae.
749 237 1213 317 Admirantur
1294 240 1369 314 &
1430 236 1918 335 laudantnon
1951 245 2186 327 modo

199 338 421 419 Eueri
465 394 487 426 ,
517 350 518 353 ‘
546 335 666 414 sed
709 360 965 413 omnes
1010 335 1128 411 alii
1206 336 1419 410 uibus
1467 335 1742 436 volupe
1771 341 1871 415 est
1893 343 2189 421 increa-

183 452 528 519 turarum
557 433 956 511 diverfitate
1018 433 1093 508 &
1136 458 1175 508 e
1207 433 1491 529 egantia
1521 431 1879 512 Creatoris
1909 435 2186 537 sapien·-

185 537 376 612 ‘tiam
422 534 496 608 <Sc
538 533 1152 632 omnipotentiam
1195 525 1489 627 adorare
1518 586 1539 616 ,
1573 527 1886 628 Junonis
1928 559 2134 613 avem
2154 593 2178 625 ‚

184 631 318 715 eui
372 643 625 705 natura
674 629 927 705 formae
1004 653 1043 723 e
1115 627 1531 703 volucribus
1578 627 1892 725 palmam
1933 630 2132 711 dedit
2155 691 2179 722 ,

244 725 497 804 uando
590 727 739 802 istis
781 727 1051 827 plumis
1090 748 1504 823 gemmeam
1546 726 1621 800 &
1653 725 1996 803 stellatam
2014 752 2184 806 cau-

191 752 372 907 dam
399 751 732 923 explieat.
834 823 909 900 N
911 848 995 900 ec
1026 827 1335 909 mirum,
1368 835 1491 897 aut
1509 845 1747 934 ‘quem
1785 847 1942 900 non
1971 849 2180 924 gem-

194 935 390 999 mata
441 918 759 998 volucris
793 917 1130 1020 Junoniae
1174 918 1400 995 cauda
1453 934 1775 998 vinceret
1844 919 2177 1021 aspeciur

191 1017 228 1097 I
283 1019 352 1094 sa
398 1015 529 1094 fibi
594 1019 740 1094 avis
792 1018 977 1116 pista
1017 1015 1193 1101 haec,
1234 1040 1272 1089 a
1307 1013 1608 1114 superba
1642 1040 1803 1118 quae
1876 1020 2178 1113 candida

187 1045 447 1216 {edera
492 1128 739 1215 portat
760 1172 780 1202 ‚
826 1114 1050 1191 cauda
1094 1113 1275 1190 adeo
1370 1112 1576 1199 lacet,
1625 1130 1711 1190 ut
1756 1114 1950 1191 illam
1987 1141 2179 1193 nun·-

202 1236 430 1314 quam
469 1211 599 1287 nifi
621 1235 801 1287 *eum
846 1209 1126 1322 Pompa
1163 1213 1238 1285 &
1361 1210 1510 1285 astu
1545 1210 1900 1299 ostentet,
1948 1213 2179 1297 illius-

200 1334 349 1411 que
404 1309 587 1385 adeo
638 1308 1180 1408 pulchritudine
1198 1307 1346 1406 ipsa
1388 1306 1667 1383 exultet
1692 1310 1765 1382 ὃς
1799 1307 2172 1408 superbiat.

191 1403 279 1489 Id
325 1405 531 1507 quod
576 1429 669 1482 ex
721 1404 1033 1507 superbo
1085 1407 1160 1480 ἃ
1192 1418 1478 1481 tantum
1525 1428 1678 1480 non
1713 1409 2169 1504 geometrico
2216 1453 2218 1456 >

191 1500 489 1589 incessu,
527 1505 602 1577 &
641 1502 1115 1603 frequentiori
1156 1504 1491 1601 corporis,
1520 1500 1760 1578 versus
1795 1502 2168 1583 adversum

190 1598 421 1676 solem
444 1656 466 1686 ,
517 1623 669 1699 quo
746 1623 1012 1700 nempe
1075 1598 1474 1698 fulgentius
1526 1596 1853 1680 Gemmae
1907 1600 2018 1677 hae
2052 1608 2174 1691 ''ra-

100 1780 106 1785 ‚
194 1697 401 1773 dient
422 1752 444 1784 ,
539 1698 1176 1773 circumrotatione
1281 1709 1427 1773 atet
1460 1695 1549 1771 ad
1591 1697 1912 1773 oculum.
2014 1694 2180 1775 Un-‘

192 1793 284 1871 de
351 1792 671 1869 hominis
709 1795 926 1870 etiam
972 1793 1254 1871 fastuo1
1324 1795 1399 1868 ὃς
1449 1793 1634 1869 ultra
1685 1794 1998 1871 modum
2055 1793 2171 1873 su·-

247 1892 402 1966 erbi
473 1889 909 1990 Symbolum
955 1891 1117 1977 est,
1187 1890 1455 1989 hicque
1522 1913 1653 1989 per
1697 1892 2169 1989 proverbium

254 1989 449 2061 udato
530 2016 729 2062 avone
774 1989 1107 2084 superbior
1139 1986 1421 2063 dicitur.
1520 1987 1644 2061 Ast
1703 2011 1859 2063 non
1898 1988 2170 2064 diutius

190 2083 457 2162 dicitur
479 2009 649 2161 {iaec
682 2081 990 2172 svdereae
1014 2085 1157 2173 avis
1203 2082 1536 2152 οἱυθάὸεια
1584 2082 1838 2160 durare
1872 2139 1895 2170 ,
1947 2107 2168 2183 quam

192 2183 437 2259 donec
504 2175 782 2283 peduin
830 2183 1343 2281 nigricantium
1412 2180 1946 2256 deformitatem
1991 2203 2172 2257 con-

186 2279 419 2379 spicit,
466 2279 672 2380 quod
705 2278 915 2358 fimul
955 2294 1170 2393 atque
1202 2277 1471 2360 fastum
1495 2278 1612 2353 'est
1645 2277 1878 2353 cristas
1920 2275 2164 2377 super-

186 2374 551 2452 biffimum
598 2376 922 2478 alioquin
966 2376 1228 2452 animal
1258 2375 1566 2476 deponit
1614 2431 1636 2461 ,
1718 2373 2019 2450 caudam
2069 2399 2166 2453 ue

190 2476 506 2572 gemmis
548 2473 987 2551 stellantibus
1044 2476 1117 2549 ἃ
1154 2474 1379 2571 longa
1431 2472 1615 2547 luca
1657 2470 2005 2569 repletam
2091 2497 2166 2548 e‘·

186 2572 437 2646 mittit.
538 2568 624 2648 Id
653 2568 839 2648 Aud.
887 2568 1158 2668 sapiens
1201 2569 1506 2656 vetustas
1540 2566 1980 2644 confiderare
2020 2568 2166 2665 jus-1

185 2667 277 2744 iit
303 2667 643 2743 homines
673 2666 1056 2765 gloriosOS,
1099 2665 1280 2743 Cam
1336 2689 1476 2741 ano
1510 2664 1887 2764 supercilio
1930 2690 2013 2742 ac
2050 2691 2165 2742 re-

178 2766 318 2936 fiio
393 2763 661 2863 Spiritu
732 2764 1088 2863 turgidos,
1188 2761 1330 2841 Etr
1386 2764 1580 2837 enim
1621 2762 1987 2838 interdum
2012 2762 2166 2846 ‚fibi
2214 2827 2215 2830 η

237 2885 423 2937 omo
453 2862 777 2937 videatur
828 2859 1089 2936 habere
1156 2859 1279 2935 has
1320 2857 1560 2933 illasve
1581 2915 1600 2945 ,
1632 2872 1753 2935 aut
1803 2858 2110 2936 fortunae
2137 2916 2159 2947 ,

182 2974 312 3046 aut
344 2982 577 3056 opum
601 3013 622 3045 ,
678 2970 803 3033 aut
837 2957 1045 3055 longi
1078 2955 1479 3055 sanguinis,
1550 2969 1674 3031 aut
1706 2956 2086 3031 titulorum
2128 3012 2148 3043 ,

183 3071 313 3131 aut
349 3057 626 3153 ingenii
646 3111 665 3141 ,
701 3056 1224 3153 praerogativaS,
1261 3053 1522 3151 quibus
1553 3050 1620 3125 se
1662 3054 1922 3127 merito
1949 3051 2158 3149 super

181 3151 364 3229 alios
403 3150 651 3227 efferat
676 3207 696 3237 ‚
766 3174 1037 3249 eosque
1070 3174 1163 3225 ex
1211 3148 1360 3225 alto
1412 3147 1785 3248 despiciat,
1831 3164 2075 3224 tamen
2109 3146 2163 3223 fi

179 3250 477 3347 penitus
542 3246 932 3347 inspexerit
964 3246 1159 3323 suam
1195 3248 1596 3345 originem,
1656 3246 1730 3319 &
1776 3242 2165 3320 mortalem

179 3347 347 3423 vitae
382 3344 922 3443 conditionem,
975 3343 1024 3419 fi
1083 3344 1174 3515 a}
1248 3367 1547 3420 aureum
1610 3343 1954 3422 verticem
2011 3340 2162 3416 for-.-

181 3445 527 3542 niamque
604 3440 989 3541 speciosam
1039 3440 1129 3516 ali
1172 3466 1203 3515 s
1258 3442 1336 3516 &
1385 3438 1756 3536 augustam
1789 3451 2161 3535 comparet

81 3627 86 3631 ,
179 3540 408 3640 pedes
475 3552 665 3615 atros
737 3539 812 3612 &
848 3537 939 3612 ad
970 3534 1492 3712 instarBColossi
1522 3534 1710 3618 illius
1740 3531 2160 3706 Danieilitici

345 3653 371 3678 χ
727 3671 730 3672 ’
1240 3638 1287 3709 b
1328 3652 1378 3724 4
1507 3682 1513 3688 -
1636 3635 1639 3642 “
1860 3651 1954 3731 pe
2005 3654 2156 3718 um,
