2590 4326
622 221 627 232 .
739 140 937 251 ’νε
1030 145 1181 252 B(
1245 142 1429 250 &fl
1936 145 2099 252 615

126 323 323 402 enim
369 342 576 410 v.21‚
615 342 728 414 27.
769 342 877 412 31.
906 342 1017 413 33.
1063 336 1173 413 38..
1208 342 1329 417 43.
1376 323 1513 400 &c
1596 322 1879 402 divinus
1930 324 2100 405 Do-

124 420 277 497 stor
312 419 503 510 aliud
539 421 692 519 egit
712 475 735 506 ,
776 416 910 494 nisi
945 434 1032 497 ut
1075 419 1370 497 frivolas
1408 417 1454 520 J
1454 419 1833 499 udaeorum
1877 424 2099 516 inter-

125 519 583 616 pretationes,
630 539 806 615 quas
841 529 998 593 non
1031 534 1144 595 ex*
1172 515 1638 617 Legislatoris
1674 532 1944 607 mente,
1972 519 2096 597 sed
2129 609 2134 618 .

126 637 217 688 ex
263 614 568 727 ingenio
620 605 754 689 suo
791 612 957 701 levi,
994 613 1071 690 δε
1106 614 1200 692 ad
1255 614 1448 701 odia,
1493 611 1881 696 simultates
1897 672 1919 703 ,
1961 614 2102 694 ho-

125 708 431 797 micid1a‚
481 711 817 809 perjuria,
849 710 1236 790 vindictam
1257 768 1278 799 ‚
1330 710 1638 795 divortia
1655 768 1678 801 ,
1721 714 2114 813 impurita-x

129 820 271 882 tem
299 859 322 893 ‚
377 808 859 898 avaritiam&
904 806 987 884 as
1027 810 1355 885 eritatem
1380 810 1714 909 proclivi,
1761 810 2114 886 confecea‘

130 917 333 989 runt,
392 901 855 1001 corrigeret?
1004 926 1144 982 uas·
1212 927 1393 981 vero
1473 930 1735 983 omnes
1793 906 1836 982 a
1873 903 2106 984 Mofis

126 1016 363 1075 mente
404 998 847 1076 alieniffimas
889 1022 930 1076 e
987 1026 1062 1088 e,
1124 998 1181 1077 fi
1244 1001 1445 1101 leges
1487 1009 1746 1080 omnes
1791 1005 1999 1082 'inter
2030 1002 2103 1080 se

126 1095 449 1192 conferre
476 1153 498 1182 ‚
536 1097 610 1171 δε
665 1094 934 1174 Mosen
968 1122 1062 1173 ex
1118 1095 1335 1177 Mose
1384 1102 1631 1199 potius‘
1707 1123 1929 1201 quam
2002 1121 2099 1176 ex

126 1215 333 1292 prava
379 1192 679 1269 libidine
718 1192 838 1270 sua
865 1196 1318 1295 interpretari
1361 1192 1769 1283 voluissent,
1830 1194 2101 1272 intelli-

126 1311 292 1387 gere
329 1290 540 1393 facile
557 1303 917 1390 poterant.
982 1290 1126 1370 'Ita
1164 1292 1367 1369 verbi
1391 1294 1619 1390 gratia
1647 1289 1701 1367 fi
1747 1292 1979 1368 modo
2007 1290 2101 1368 ad

129 1385 314 1461 Exod.
323 1395 565 1463 XXIII.
593 1406 668 1479 4.
706 1407 768 1478 5.
818 1384 1298 1481 attendissent,
1329 1404 1592 1466 contra*
1612 1384 1849 1466 officia
1887 1408 2097 1466 amo-

128 1483 218 1557 ris
234 1549 237 1552 ,
250 1486 576 1584 proximi
613 1501 797 1559 noni
835 1498 987 1572 tam
1033 1488 1340 1585 turpiter
1378 1481 1864 1561 offendissent.
1962 1481 2101 1561 Vi-

128 1581 448 1657 deantur·
479 1587 643 1694 quae
694 1576 1142 1659 GROTIUS
1203 1582 1305 1658 ‘de
1347 1580 1773 1683 Judaeorum
1812 1580 2100 1659 frivolis

129 1680 201 1754 &
254 1678 569 1755 absurdis
618 1673 726 1767 Le
832 1698 911 1753 m
957 1673 1445 1755 Mosaicarum
1499 1682 2100 1780 interpretamen-

128 1777 234 1863 tis,
280 1774 391 1856 (31,
443 1770 711 1853 WOL
767 1772 1022 1861 HIUS,
1076 1776 1343 1877 aliique
1375 1775 1468 1853 ad
1494 1775 1646 1853 hoc
1679 1800 1760 1852 ca
1814 1783 2101 1864 utcon—

129 1870 515 1970 gefferunt,
604 1868 813 1965 Quid
846 1871 1114 1949 miserae
1139 1871 1366 1951 Genti
1393 1872 1575 1950 adeo
1625 1873 1724 1949 ob
1793 1874 1903 1949 'tit
1936 1896 2094 1973 quo

129 1973 362 2051 minus
403 1967 652 2069 Jesum
722 1965 1189 2057 Nazarenum
1247 1972 1327 2045 in
1364 1972 1568 2045 tenui
1614 1968 1866 2046 habitu
1901 1969 2103 2068 apud
2187 2003 2194 2026 ·

129 2090 250 2144 eos
291 2087 466 2150 com
520 2078 843 2142 arentem
890 2089 1053 2166 pro»
1078 2085 1257 2143 vero
1299 2058 1549 2144 Messia
1576 2065 2050 2166 agnoscerent
2065 2118 2108 2154 ‚.

131 2186 346 2265 quam
379 2167 406 2243 i
488 2162 697 2246 austae
737 2176 1065 2251 veterum
1107 2166 1615 2241 vaticiniorum
1660 2165 1819 2238 ἴδιαι
1872 2162 2095 2233 ἐπιλό-

134 2261 301 2338 cuc?
348 2259 745 2362 Exquibus
774 2263 1038 2350 evenit,
1057 2272 1143 2337 ut
1188 2282 1364 2357 cum
1399 2262 1500 2363 ad.
1523 2286 1626 2355 ea,
1643 2280 1805 2362 quae
1845 2260 1939 2337 de
1961 2258 2101 2337 hu·-

133 2359 296 2438 mili
328 2360 514 2437 statu
580 2355 850 2436 Meffiae
917 2359 1523 2458 praedicebantur,
1558 2358 1676 2435 vel
1722 2357 2107 2459 negligen-

132 2459 245 2545 tia,
280 2457 401 2534 vel
427 2454 668 2557 studio
722 2478 884 2541 non
915 2455 1412 2547 attenderent,
1485 2453 1772 2568 Regem
1804 2453 2097 2533 nonnisi

134 2556 549 2642 terrestrem,
579 2553 656 2630 ὃς
695 2568 994 2630 externa
1017 2576 1294 2653 pompa
1349 2552 1809 2653 splendldum
1857 2606 1879 2640 ,
1932 2555 2107 2666 quia

137 2652 487 2748 eiusmodi
529 2649 694 2729 Rex
783 2649 1195 2727 servitutem
1241 2651 1707 2727 sentientibus
1781 2673 2110 2727 maxime

138 2746 993 2847 placebat5exspe6tarent
1016 2804 1037 2834 ‚
1093 2763 1310 2849 atque
1364 2751 1442 2824 in
1471 2748 1621 2843 ejus
1667 2745 1971 2846 persona
2004 2749 2107 2824 ita

139 2843 715 2932 offenderentur,
811 2859 896 2921 ut
934 2844 1150 2921 nullis
1182 2867 1425 2944 neque
1454 2843 1817 2920 miraculis
1858 2863 2102 2944 neque

138 2938 655 3042 Apostolorum
687 2940 1447 3029 demonstrationibus,
1477 2942 1567 3016 ab
1605 2939 2106 3017 incredulitate

139 3036 487 3141 dimoveri
582 3036 830 3122 ostent.
934 3036 1141 3132 Quid
1175 3040 1665 3140 opportunius
1700 3039 1947 3136 itaque
2004 3035 2106 3114 A-

140 3138 458 3233 postolus
531 3162 732 3215 acere
774 3149 1084 3238 poterat,
1115 3160 1337 3239 quam
1378 3154 1701 3225 ⁴monere
1741 3148 1826 3210 ut
1856 3132 1948 3211 ad
1990 3133 2117 3211 [ies

138 3234 448 3326 βιαιότερον
487 3237 672 3323 λόγον
739 3239 1129 3329 προφητικὸν
1200 3235 1411 3309 Omni
1456 3234 1718 3309 mentis
1752 3232 1902 3307 acie
1950 3243 2113 3307 tan·-

139 3351 355 3429 quam
386 3333 477 3410 ad
518 3331 889 3409 lucernam
914 3333 992 3408 in
1033 3331 1349 3410 tenebris
1390 3327 1755 3409 accensam
1787 3328 2115 3403 attende-

139 3441 297 3506 rent
324 3486 346 3517 ,
431 3431 508 3507 δε
550 3452 667 3505 ex·
691 3427 929 3504 sedula
1011 3432 1086 3507 ὃς
1134 3440 1407 3509 attenta
1455 3424 1867 3526 prophetici
1910 3425 2117 3501 verbi

138 3527 755 3630 contemplatione
784 3580 808 3614 ‚
856 3523 948 3603 de
996 3522 1247 3606 Meflia
1273 3581 1346 3701 ,R
1362 3547 1587 3623 quem
1639 3525 1784 3622 τιμῇ
1821 3519 1925 3611 aa]
1965 3520 2146 3696 ὃΙξξφ,

576 3658 579 3661 Δ
778 3656 781 3657 ’
970 3657 975 3662 ·
1130 3676 1177 3689 ..
1234 3664 1241 3672 ·
1364 3644 1400 3697 1·
1435 3638 1483 3700 2
1580 3674 1586 3681 ·
1689 3672 1690 3675 ¹
1741 3672 1744 3673 ⁷
1929 3643 1971 3697 a
2041 3641 2116 3699 a·
