2590 4326
425 110 585 192 ω
790 33 935 122 Ὗ
1176 88 1761 205 ‘semea

420 278 694 356 summa
725 273 1129 352 temeritate
1183 271 1494 353 dePatre
1519 273 1905 362 luminum,
1935 276 2137 376 apud
2174 299 2413 376 quem

421 375 621 452 nulla
669 371 1067 461 παραλλαγή
1143 392 1386 469 neque
1426 371 1653 464 τροπῆς
1685 371 2092 464 &menium
2141 372 2413 449 locum

421 473 678 558 habet,
745 468 892 552 dici
919 464 1037 542 vel
1066 468 1373 565 cogitari
1394 464 1630 567 poffit‚
1669 466 1947 546 necesse
1986 470 2090 554 est
2118 466 2414 539 θεοπνειί.

426 598 566 643 ςους
602 568 768 643 illos
800 562 1198 662 Scriptores
1216 619 1253 651 ,Α
1289 563 1608 664 eousque
1659 562 1797 643 sese
1826 564 2016 679 ipsos
2054 563 2411 665 explicas-

426 664 521 752 se,
564 680 650 742 ut
683 685 839 738 non
854 663 1094 737 minus
1141 673 1361 759 quam
1385 660 1743 737 humanus
1774 661 2028 762 ahquis
2065 661 2286 739 sanus
2323 683 2412 737 ac

429 762 747 862 prudens
790 756 1124 857 'Scriptor
1147 789 1173 844 ,¹
1243 754 1544 834 suorum
1584 755 1714 857 ipfi
1746 760 2140 836 verborum
2176 761 2411 835 inter-

432 875 670 971 pretes
739 857 1003 964 optimi
1026 853 1313 940 haberi,
1403 855 1478 931 δε
1523 853 1615 930 de
1676 878 1854 932 vero
1878 854 2076 933 sensu
2103 852 2414 933 consuli

364 1023 379 1028 -
432 953 562 1055 1ps1
599 951 934 1030 tutissnne
974 948 1281 1048 'poffmt,
1322 973 1405 1039 ac
1437 964 1643 1026 tanto
1667 975 1787 1027 ma
1840 955 1898 1027 is
1915 951 2206 1032 *consuli
2242 955 2410 1029 uni.

433 1075 519 1128 ce
572 1051 877 1128 debeant
892 1101 941 1136 ,.
968 1048 1075 1143 (e)
1125 1060 1403 1148 quanto
1446 1044 1718 1126 firmius
1770 975 1863 1125 ἐξ
1892 1046 2409 1222 sapientifliffio

614 1215 629 1225 r
2155 1197 2160 1198 f
2357 1170 2409 1223 o

436 1311 542 1410 (e)
591 1309 898 1405 Quanto
953 1309 1168 1386 etiam
1203 1308 1463 1408 certius
1503 1310 1604 1387 est
1651 1304 2016 1406 Divinum
2061 1308 2283 1386 illum
2332 1309 2412 1385 ἃ.

625 1403 1203 1511 perfefflffimum
1235 1403 1581 1506 Spiritum
1621 1430 1859 1507 neque
1896 1419 2218 1483 mentem
2240 1428 2412 1480 mu-

629 1523 804 1589 tare,
856 1515 979 1578 aut
1019 1501 1342 1579 oblivisci
1380 1503 1486 1586 sui
1532 1506 1555 1578 i
1609 1502 1745 1580 fius
1770 1560 1792 1590 ,
1821 1504 2027 1603 quod
2062 1503 2408 1578 humanis

632 1599 1120 1698 Scriptoribus
1168 1600 1465 1696 praestan
1494 1602 1517 1626 ·’
1575 1604 1736 1676 m1is
1820 1601 2035 1677 etiam
2075 1599 2405 1675 accidere

629 1720 788 1772 non
831 1692 1047 1770 semel
1112 1695 1192 1769 in
1245 1696 1481 1794 longo
1523 1699 1884 1806 praecipue
1919 1720 2140 1796 opere
2180 1694 2401 1783 solet,

629 1790 1052 1869 mortalium
1101 1814 1308 1867 more
1346 1791 1676 1891 potulffe.
1778 1791 1985 1886 Quin
2011 1798 2142 1894 qui
2170 1807 2398 1869 atten-

630 1903 707 1968 ta
747 1902 994 1965 mente
1035 1885 1103 2000 S:
1159 1885 1602 1988 Scripturam
1638 1891 2000 2004 pervolvit
2046 1891 2123 1966 δε
2164 1887 2392 1965 secum

635 1999 1010 2086 comparat
1028 2041 1048 2071 ‚
1080 1982 1200 2060 111e
1231 1999 1379 2061 tam
1407 2010 1784 2086 egreglum
1822 1988 2090 2088 ubique
2125 1985 2388 2063 senten·
2511 2063 2512 2068 ,

634 2085 900 2161 tia'rum
925 2137 944 2169 ,
997 2080 1463 2182 dogmatum,
1524 2085 1917 2161 verborum
1958 2098 2402 2161 concentum

637 2179 1157 2258 animadvertet
1182 2237 1205 2268 ,
1259 2194 1344 2257 ut
1390 2180 1466 2256 ὃς
1483 2179 1636 2257 ,1136
1673 2183 1753 2257 in
1831 2196 2034 2281 parte
2089 2180 2404 2257 humana

639 2278 890 2365 omnia
914 2332 938 2363 ,
976 2272 1502 2381 exquisitissnna
1537 2280 1789 2365 etiam,
1855 2278 2134 2378 Scripta
2165 2276 2406 2376 longo

640 2373 808 2476 post
852 2372 919 2448 se
944 2372 1124 2448 relin
1176 2388 1301 2450 uat
1336 2374 1714 2453 intervallo
1747 2431 1768 2463 ,
1822 2375 1897 2451 &
1921 2374 2239 2452 divinam
2262 2376 2410 2449 ori-

643 2473 896 2580 ginem
980 2468 1152 2544 lucu
1183 2484 1383 2545 enter
1484 2472 1744 2557 robet„
1814 2468 1937 2548 Pie
1995 2469 2289 2570 prorsus
2335 2471 2409 2544 &

644 2773 876 2859 pturae
896 2755 1412 2848 ‚Harmomam‚
1451 2765 1636 2838 inter
1673 2787 1755 2839 ea
1798 2773 2224 2860 argumenta
2276 2783 2413 2836 nu·-
2509 2796 2510 2843 ι

619 2871 905 2956 metat,
993 2858 1255 2956 quibus
1299 2858 1627 2935 divinitas
1665 2860 1819 2956 ejus
1862 2858 2410 2956 comprobetur.

643 2962 860 3050 Quum
944 2964 1107 3027 enim
1130 3011 1152 3041 ‚
1221 2957 1299 3029 in
1350 2970 1457 3031 ult
1480 3012 1502 3042 ,
1579 2965 1699 3030 vix
1747 2983 1898 3030 unus
1932 2953 2111 3030 homo
2137 3006 2161 3040 ,
2209 2979 2416 3050 φωτ-

644 3058 882 3124 tumvis
910 3052 1155 3148 sizpiens
1171 3054 1284 3142 fit,
1301 2979 1419 3139 qffieff
1449 3055 1732 3129 eruditus
1746 3105 1769 3139 ,
1778 3054 1903 3144 fibi
1924 3057 2145 3146 constet
2183 3106 2209 3137 ‚
2264 3076 2420 3124 raro

644 3147 980 3221 admodum
1021 3167 1232 3220 autem
1279 3149 1429 3234 duo,
1471 3150 1581 3222 vel
1602 3168 1765 3235 tres,
1799 3151 1876 3223 de
1913 3174 2040 3224 uno
2086 3149 2414 3242 eodemque

645 3262 1013 3341 argumento
1034 3244 1390 3336 scribentes,
1408 3246 1659 3340 prorsus
1686 3254 1856 3319 inter
1862 3251 1934 3337 ft
1984 3245 2370 3337 consentiant
2393 3294 2414 3328 ,

649 3348 880 3413 Divini
899 3341 1052 3435 fitne
1091 3343 1283 3436 opertis
1337 3342 1735 3432 certffmum
1776 3347 1851 3437 ⁴:⁹st
1880 3343 2207 3426 indicium,
2228 3340 2296 3433 fi
2320 3357 2416 3412 tot

649 3432 938 3523 homines,
959 3452 1325 3535 temporzma
1379 3439 1827 3533 quodammodo
1852 3446 2040 3511 etiam
2089 3438 2371 3511 locorum
2389 3488 2412 3521 ,

654 3536 982 3613 intervallo
1020 3563 1061 3609 a
1074 3534 1438 3627 seinvicem
1481 3544 1707 3614 remoti
1721 3589 1745 3625 ,
1781 3543 1850 3612 in
1867 3535 2180 3617 doezrina,
2192 3533 2415 3627 salutis

2222 3650 2413 3727 quam
