2590 4326
806 160 962 302 V&
1056 194 1201 301 Β(
1251 246 1252 251 ¹
1313 192 1452 302 θλ
1999 214 2166 309 437

171 322 841 360 ψώ-

253 368 444 477 κΝεεε
466 373 718 457 Coetui
762 386 1049 450 tantum
1092 371 1394 453 Lehano
1428 376 1551 454 sed
1601 380 1938 455 universae
1975 404 2166 481 quo-

173 487 328 575 que
364 469 692 550 Ecclefiae
745 468 876 546 scri
932 472 1021 545 tis
1073 473 1110 562 <
1161 495 1431 550 uorum
1494 477 1575 550 in
1617 477 1810 552 calce
1847 483 2162 555 mentio-

173 586 363 647 nem·
394 569 687 661 faciam)
731 590 869 667 pro
925 563 1061 643 effe
1088 594 1126 645 a
1179 572 1527 658 aboravit,
1582 596 1734 673 quo
1770 571 2033 649 factum
2061 577 2161 651 est

174 682 263 744 ut
306 688 583 768 magno
632 665 765 740 suo
827 666 1093 740 merito
1137 668 1462 768 undique
1506 673 1842 769 gentium
1891 671 2161 769 percla-

175 764 503 842 resceret.
604 761 813 838 Natae
836 763 916 837 ei
975 785 1071 840 ex
1107 762 1451 841 Nominis
1503 766 1914 847 celebritate
1945 783 2162 870 atque

177 862 372 939 fama
404 863 612 938 variae
639 857 804 936 sunt
830 853 1299 948 VocationeS,
1334 865 1508 964 q'uas
1534 883 1712 939 'vero
1754 886 2010 940 omnes
2021 867 2160 943 hu-

180 960 493 1039 maniter
532 957 901 1044 recusavit,
941 978 1191 1067 ⁸quum
1234 958 1469 1033 Lehani
1510 958 1612 1037 sui
1649 959 2026 1040 arstiffimis
2072 964 2160 1040 il·-

178 1050 344 1132 lum
390 1058 655 1132 amoris
689 1051 991 1133 vinculis
1036 1054 1494 1132 retraherent.
1720 1078 1723 1081 ·

274 1247 556 1327 Placuit
602 1264 847 1329 autem
897 1245 1236 1329 Domino
1313 1242 1644 1337 Ecclefiae,
1685 1245 1884 1328 hunc
1949 1248 2160 1330 suum

183 1344 496 1425 Servum
531 1343 576 1422 ὲ
603 1346 851 1423 medio
871 1344 1079 1446 vquasi
1133 1345 1340 1429 cursu
1380 1348 1455 1423 &
1485 1351 1870 1424 certamine
1907 1349 1997 1426 ad
2049 1351 2162 1427 di-

181 1444 353 1519 vina
451 1446 690 1519 raemia
716 1443 1039 1530 invitare,
1063 1443 1140 1520 id
1174 1443 1378 1542 quod
1415 1439 1589 1524 XV.
1625 1443 1919 1521 Calend⁴
1959 1443 2176 1545 Junii„

177 1537 360 1618 MD
428 1537 694 1627 CXLI,
739 1559 1012 1650 magno
1063 1539 1362 1617 suorum
1383 1594 1404 1627 ,
1507 1543 1632 1616 uin
1658 1545 1883 1618 totius
1911 1540 2160 1619 Eccle-

182 1634 302 1714 fiae
348 1690 371 1724 ,
447 1656 768 1730 moerore
858 1635 1124 1713 iactum
1162 1636 1302 1723 est,
1345 1660 1449 1737 po
1512 1663 1727 1739 quam
1778 1662 1934 1717 non
1974 1641 2158 1718 ultra

182 1730 567 1811 offiduum
612 1733 797 1809 febri
870 1729 1244 1815 laboraffet
1288 1733 1583 1813 ardente
1601 1788 1626 1822 ‚
1707 1758 1900 1813 anno
1939 1740 2158 1819 aetatis

183 1827 553 1913 tricefimo
607 1830 908 1907 ottavo,
1285 1844 1288 1847 ·

282 2017 493 2102 Nolo
534 2039 735 2101 nunc
763 2025 843 2101 in
881 2015 1125 2103 laudes
1157 2015 1392 2100 Amici
1441 2021 1632 2100 beati
1664 2020 1886 2102 fufius
1941 2047 2161 2128 expa-

177 2122 373 2209 nari,
413 2115 671 2204 sufficit
729 2123 819 2199 ad
845 2121 1060 2199 ‘illum
1089 2115 1462 2219 applicasse
1498 2144 1657 2221 quae
1686 2115 2160 2211 Ena-Hamus

186 2221 285 2297 de
348 2225 663 2300 Vincentio
734 2224 987 2316 Vgolino
1034 2217 1251 2295 habet
1339 2274 1354 2290 .
1409 2239 1507 2293 m.
1545 2239 1654 2306 30.
1715 2222 1996 2317 'Quodfi
2012 2225 2159 2295 diu-

179 2323 452 2409 turpiior
481 2317 572 2389 illi
609 2317 755 2390 luctis
796 2318 985 2412 usura
1020 2324 1255 2411 contigi
1301 2334 1383 2401 et,
1409 2343 1519 2388 nec
1545 2325 1802 2391 incitato
1851 2320 2034 2409 curfit
2072 2318 2165 2395 ad

166 2415 493 2507 summam
540 2412 863 2511 Theologiae
889 2413 1132 2487 laudem
1157 2432 1624 2508 properantem,
1665 2423 1734 2487 in
1785 2415 1982 2489 medio
2009 2415 2161 2511 spa-

181 2519 308 2596 tio,
347 2529 733 2605 praematura
768 2534 937 2585 mors
989 2505 1293 2606 everttffit
1314 2536 1386 2583 ac
1411 2507 1787 2607 prcfiigqffi’t
1814 2541 1840 2597 ‚-
1879 2515 2160 2609 proficilo

176 2631 370 2684 nemo
417 2631 652 2693 eorum,
696 2615 807 2702 qui
838 2633 966 2681 una
1004 2626 1179 2688 atate
1205 2616 1290 2680 ‘in
1335 2607 1540 2681 eodem
1574 2609 1885 2683 curriculo
1929 2606 2164 2706 versati

97 2809 102 2812 ,
166 2705 362 2798 fiant,
394 2705 485 2777 illi
511 2694 907 2798 amecffffet.

291 2893 356 2977 E
409 2897 592 2998 ilogi
617 2893 793 2974 loco
830 2898 1132 2973 unicum
1170 2893 1319 2973 hoc
1369 2890 1559 2973 addo
1580 2947 1603 2983 ,
1668 2893 1780 2973 bis-
1824 2888 2162 2997 EWAL.

179 2989 353 3088 DU
490 2996 775 3095 nuptias
808 2984 1050 3071 iniisse.
1101 2989 1369 3071 Primas
1400 3017 1573 3071 cum
1601 2989 1905 3093 Virgine
1938 2996 2162 3074 lectifi-

183 3092 374 3171 fima
448 3115 543 3169 ex
590 3092 1160 3187 Kosmampiorum
1219 3086 1704 3166 Bremenfium
1735 3090 2161 3183 nobilissima,

183 3183 495 3270 Familia
508 3243 533 3277 ,
587 3209 748 3301 quae
787 3200 1029 3264 autem
1067 3208 1250 3263 mox
1290 3185 1605 3263 divortio
1646 3186 1943 3299 lugubri
1983 3187 2043 3268 a,
2059 3187 2162 3268 la-

182 3301 352 3364 tere
392 3286 640 3364 Maria
680 3284 1130 3369 avellebatur,
1175 3286 1399 3360 unico
1464 3306 1607 3361 con
1634 3285 1789 3382 ugii
1819 3287 2157 3383 pignore,

189 3382 389 3477 Filio
409 3435 431 3470 ,
501 3377 889 3480 superstite.
963 3379 1322 3474 Secundas
1351 3401 1522 3458 cum
1630 3382 1861 3477 irgine
1951 3382 2163 3459 ariter

183 3467 558 3556 Ieffiffnna
581 3532 603 3566 ,
641 3481 905 3578 pietate
925 3533 945 3563 ,
998 3477 1379 3577 probitate,
1399 3495 1835 3574 morumque
1871 3502 1911 3553 e
1941 3502 2161 3576 egan-

187 3577 298 3656 tia
364 3570 1049 3683 commendatiffima'
908 3654 941 3671 ,ἱ
1049 3629 1073 3661 ,
1104 3570 1146 3651 ὲ
1231 3580 1811 3671 Meinerzagiorum
1864 3572 2167 3755 Fzsmlfilia

1229 3739 1238 3746 ,
1637 3700 1642 3711 ·
1951 3695 2001 3771 p
2031 3694 2158 3771 en·-
