2590 4326
904 88 1058 195 &A
1153 92 1255 193 )2(
1354 93 1511 203 ἐξ
2005 108 2162 199 385

170 269 386 348 Idem
423 277 643 344 Seneca
679 266 862 344 illud
899 267 1073 345 alibi
1118 266 1331 346 faffus
1397 270 1497 346 est
1522 327 1544 358 ‚
1595 268 1795 347 Nulla
1839 281 2020 362 vita,
2056 277 2171 351 in-

171 371 338 466 quit
377 423 399 453 ‚
467 370 543 461 ql}
574 392 700 440 non
740 369 961 440 brewk.
1064 374 1243 443 Nam
1279 367 1350 458 fi
1395 369 1485 440 ad
1532 388 1830 441 naturam
1897 397 2113 444 rerum
2138 428 2163 461 ‚

168 466 496 563 (quanto
543 464 773 562 magis
814 460 867 537 fi
916 460 1005 538 ad
1054 466 1560 559 aeternitatem)
1592 466 1940 560 respexeris,
1978 477 2169 544 etiam

168 570 250 640 N
248 564 454 655 estoris
481 557 573 647 ’ἐξ
605 564 862 634 Statiliae
893 561 1097 632 brevia
1144 565 1220 656 cst
1233 617 1256 645 ,
1305 589 1444 655 quae
1489 563 1740 653 inscribi
1770 584 2166 645 monumento

154 661 278 751 fito
304 657 487 748 jussit
515 712 537 741 ‚
584 661 760 729 annis
788 659 857 748 fi’
882 665 1224 752 nonaginta
1263 684 1489 730 novem
1546 657 1783 756 vixff.
1882 654 2035 735 Ubi
2057 685 2168 740 er«.-

171 780 273 855 go
306 752 475 828 sunt
516 752 742 851 longa
779 751 898 828 illa
955 777 1114 854 quae
1157 755 1233 829 in
1289 755 1566 852 'puncto
1610 752 1758 832 hoc
1812 758 2166 855 temporis

170 855 492 950 patimur
584 848 771 925 mala
831 849 861 924 ἱ)
935 848 1133 926 Inter
1207 849 1738 928 consolationes
1825 848 2164 930 Ethnicas

173 948 444 1048 quibus
487 961 765 1022 veteres
798 943 1592 1048 Philosophi-homines
1630 951 1708 1024 in
1731 948 2000 1027 morbo
2041 948 2166 1026 ali-

178 1067 337 1144 quo
386 1044 730 1120 cubantes
772 1100 792 1130 ‚
859 1044 934 1120 &
964 1046 1063 1122 ob
1109 1041 1650 1144 flagrantiorem
1683 1069 1893 1146 aequo
1950 1043 2168 1123 dolo-

167 1165 332 1217 rem
376 1141 834 1238 impatientes
897 1143 1169 1241 erigere
1199 1199 1219 1228 ‚
1265 1143 1490 1242 iisque
1525 1144 1945 1242 patientiam
1985 1166 2166 1220 con-

165 1236 463 1313 suadere
523 1235 849 1330 solebant
882 1293 905 1324 ‚
949 1235 1377 1315 nobilissima
1391 1238 1617 1316 ferme
1665 1237 1821 1315 haec
1875 1237 2018 1315 fuit
2041 1294 2063 1326 ,
2103 1238 2171 1332 fi

165 1337 403 1432 longus,
447 1330 716 1409 scilicet
747 1335 927 1407 dolor
958 1391 979 1421 ‚
1014 1338 1163 1409 levis
1188 1341 1284 1429 ql,
1318 1335 1385 1426 fi
1408 1340 1649 1433 gravis,
1689 1337 1787 1408 ille
1827 1336 2032 1408 brem}
2058 1341 2158 1429 ςβ.

164 1412 376 1533 Etxid
413 1429 738 1530 quidem.
804 1429 1075 1508 distum
1123 1432 1264 1509 fuit
1319 1455 1413 1510 ex
1444 1456 1655 1508 vero.
1757 1429 1873 1507 Sic
1969 1429 2162 1508 hilo-

165 1527 513 1627 sophatus
556 1529 771 1619 etiam
799 1618 822 1625 ..
847 1526 985 1603 fuit
1036 1535 1283 1615 Seneca,
1402 1530 1479 1605 ui
1537 1531 1613 1603 in
1673 1524 1919 1627 Episto
1947 1552 1989 1604 a
2037 1526 2165 1604 ali.-

221 1649 315 1700 ua
359 1623 451 1699 ad
522 1621 891 1700 Lucilium
937 1622 1145 1705 suum
1176 1680 1199 1713 ,
1260 1626 1354 1702 de
1421 1624 1853 1702 'llationibus
1887 1624 2161 1701 crebris

328 1720 693 1797 febriculis
736 1737 1079 1797 vexatum
1111 1779 1133 1809 ‚
1195 1740 1412 1823 atque
1453 1736 1843 1836 propterea
1903 1723 2157 1801 minus

163 1819 570 1919 patientem
605 1815 1099 1911 consolaturus
1109 1874 1172 1911 ,χ
1219 1822 1319 1897 ita
1359 1819 1598 1897 scribit
1636 1875 1660 1905 ‚
1721 1827 1875 1893 Tria
1934 1816 2053 1892 haec
2091 1827 2161 1892 in

164 1925 341 1990 omni
378 1916 596 1989 morbo
640 1923 871 2010 gravia
921 1917 1081 2006 fient
1096 1973 1118 2003 ‚
1166 1916 1356 1991 metus
1424 1920 1676 2002 mortis,
1720 1916 1900 1991 dolor
1938 1937 2158 2011 cmpo-

166 2017 257 2086 rzk
293 2068 314 2101 ,
351 2012 743 2102 ‘intmng'ffio
822 2015 1239 2108 voluptatum.
1339 2022 1445 2089 De
1493 2008 1696 2086 morte
1720 2013 1880 2102 satis
1926 2013 2161 2085 difflum

163 2110 269 2206 est?
366 2110 482 2183 Ad
537 2111 695 2181 illud
721 2136 885 2183 nunc
889 2119 1226 2206 proprium
1261 2111 1714 2185 incommodum
1740 2127 2158 2183 revertamur.

165 2213 451 2303 Magnos
490 2215 791 2280 cruciata
831 2206 1010 2280 habet
1062 2209 1306 2281 morbus
1331 2264 1353 2294 ‚
1373 2204 1492 2300 de
1521 2205 1628 2281 hos
1662 2205 2024 2280 tollerabiles
2057 2214 2158 2277 in-

168 2308 439 2379 tervalla
471 2306 745 2400 faciunt.
846 2314 1024 2380 Nam
1035 2309 1269 2397 summi
1309 2306 1538 2379 doloris
1574 2310 1839 2378 intentio
1910 2310 2156 2374 invenit

144 2408 377 2497 finem.
478 2411 686 2477 Nemo
714 2406 906 2498 potest
983 2405 1178 2495 ‘valde>
1258 2402 1466 2477 dolere
1497 2399 1589 2489 ἓξ
1650 2402 1781 2474 diu.
1883 2404 1982 2475 Sic
2048 2425 2161 2472 nos

167 2499 583 2587 asnantgsjjma
613 2504 800 2592 nostri
830 2519 1063 2572 natura
1097 2500 1389 2595 disposuit
1428 2555 1452 2586 ,
1491 2518 1568 2572 ut
1602 2499 1878 2572 dolorem
1916 2513 2032 2569 aut
2059 2516 2170 2568 to·-

168 2596 487 2669 lerabilem
526 2615 641 2668 aut
694 2594 943 2668 brevem
978 2599 1239 2692 faceret.
1281 2661 1284 2664 .
1355 2604 1499 2672 Hoc
1588 2603 1800 2690 itaque
1860 2594 2161 2687 solatium
2201 2595 2211 2607 ‘

168 2697 332 2787 vassi
379 2693 607 2766 doloris
641 2695 716 2784 cst
746 2746 766 2776 ‚
800 2694 971 2787 quod
1008 2690 1220 2790 neceffi·
1254 2696 1331 2783 est
1356 2748 1378 2779 ‚
1441 2691 1673 2784 desinas
1706 2694 1880 2766 illum
1894 2692 2156 2783 sentire2

153 2790 222 2881 fi
259 2792 445 2861 nimis
503 2790 776 2880 finferis.
877 2786 1230 2865 Miserum
1281 2787 1487 2874 (utut
1524 2796 1817 2883 verum)
1907 2786 2159 2863 nostro

163 2885 452 2983 judicio
501 2883 833 2961 solatium
897 2909 1033 2983 pro
1085 2887 1192 2969 iis,
1304 2886 1516 2960 uibus
1550 2884 1762 2974 ‚nulla
1832 2877 1988 2983 spes‘
2038 2896 2162 2959 aut

168 2982 540 3059 certitudo
606 2981 1108 3079 recuperandae
1152 2908 1316 3074 poa
1352 2978 1523 3057 Fata
1553 2978 1928 3060 salutisest
1962 3034 1985 3065 ‚
2057 2992 2164 3064 at-

170 3103 323 3179 que
375 3078 687 3155 solidum
719 3079 793 3153 &
830 3075 1385 3155 efficaciffimum
1419 3091 1645 3176 prout
1675 3076 2026 3161 solatium,
2063 3072 2162 3153 fic

170 3176 270 3252 ad
331 3177 749 3277 patientiam
787 3172 1256 3271 Christianam
1303 3175 1754 3252 incentivum
1793 3196 1932 3273 pro
1962 3170 2102 3247 illis
2132 3227 2163 3260 ,

230 3297 499 3351 uorum
546 3270 767 3349 corda
809 3272 993 3350 alma
1027 3272 1181 3349 haec
1211 3270 1368 3373 spes
1396 3272 1662 3358 nutrit,
1720 3270 1795 3346 δε
1890 3291 2159 3358 uorum
2239 3266 2253 3281 ’

257 3372 451 3447 iritui
486 3368 785 3468 Spiritus
820 3368 963 3468 ipse
1024 3366 1171 3447 Dei
1222 3368 1659 3445 contestatur
1700 3364 1768 3443 se
1805 3391 1845 3442 e
1901 3390 1940 3440 e
1972 3360 2160 3441 filios

260 3472 351 3553 ei,
372 3470 446 3544 &
470 3462 804 3542 tranfiiffe
856 3490 948 3541 ex
971 3481 1208 3542 morte
1236 3468 1309 3540 in
1354 3467 1596 3541 vitam.
1638 3473 1641 3478 ’
1697 3461 1786 3539 In
1825 3460 2162 3562 volupta-

174 3567 373 3644 tibus
428 3564 548 3651 est,
576 3562 792 3648 etiam
822 3564 898 3637 in
934 3559 1476 3664 exquifitiffnuis
1506 3559 1904 3647 doloribus,
1962 3580 2157 3732 {ffir-

2093 3676 2154 3734 ι.
