2590 4326
185 298 490 321 .........
856 167 995 275 sva
1052 130 1199 274 2³<
1249 162 1394 271 aa
1979 177 2136 273 411

168 346 368 419 navit
415 400 434 434 ,
516 340 755 421 Carni·
788 369 948 447 quae
979 343 1185 423 velut
1213 344 1549 445 improba
1584 344 1786 424 Siren
1811 346 2134 426 admissas

165 443 566 520 ‘animarum
654 440 1046 518 vestrarum
1095 457 1279 519 rates
1321 443 1659 520 hastenus
1736 444 1815 520 in
1862 444 2144 524 blandae

186 537 425 613 mortis
483 537 871 639 gaudiique
933 539 1243 615 crudelis
1320 537 1727 636 confinibus
1769 540 2078 619 detinuit
2118 599 2138 629 ,

170 631 392 709 surdo
449 636 695 733 potius
751 636 963 713 vobis
1033 638 1215 715 remi
1272 660 1313 712 e
1377 635 1809 750 effugienda.
1907 635 2143 715 Vobis

188 733 299 904 pui
322 731 395 805 in
434 733 728 835 propria
746 731 1087 811 hastenus
1118 659 1382 811 vigera
1406 731 1639 811 saevire
1658 791 1677 820 ,
1745 735 1820 810 &
1868 746 2145 811 aeternae

168 861 171 864 ·
213 828 403 904 alutis
439 827 683 905 vestrae
729 827 1007 906 causam
1079 845 1197 910 tur
1251 833 1388 908 iter
1475 831 1733 910 rodere
1784 850 1941 908 non
1982 830 2142 906 estis

186 923 650 1004 verecundati.
747 926 986 1026 Sapite
1033 853 1330 1004 tandssm
1371 955 1376 960 ·
1529 930 1749 1004 vivite
1789 930 1868 1003 in
1901 927 2143 1027 poste-

169 1043 331 1098 ·rum
382 1019 557 1099 Deo
588 1078 612 1108 ,
672 1025 890 1100 vivite
943 1025 1010 1100 e'i
1033 1080 1056 1110 ,
1104 1026 1232 1125 qui
1281 1048 1416 1101 vos
1470 1024 1560 1100 ad
1617 1023 1814 1101 suam
1851 1023 2143 1100 laudem

186 1120 469 1206 creavit,
546 1119 675 1222 qui
706 1118 1051 1221 sanguine
1074 1145 1230 1197 non
1277 1120 1599 1198 hominis
1650 1122 1968 1216 alicujus,
2020 1119 2144 1197 sed

172 1222 265 1306 τῷ·
301 1216 422 1314 [δίῳ
473 1218 706 1309 αἵματι
752 1220 1057 1318 propflo
1104 1240 1238 1294 vos
1269 1216 1438 1318 suo,
1475 1215 1622 1295 Dei
1665 1215 2090 1319 ergo-ipsius
2111 1272 2137 1304 ,

183 1311 371 1414 supra
405 1315 655 1391 omnia
700 1316 778 1391 in
832 1312 1153 1391 seculum
1215 1313 1610 1400 benedidi,
1643 1314 1987 1413 sanguine
2027 1337 2142 1390 re-

187 1409 550 1584 ἀεῐηίῑῦυἰ
581 1432 714 1487 vos
746 1407 875 1488 fibi
907 1411 985 1487 in
1013 1410 1377 1488 servitium
1417 1410 1801 1490 liberaliter
1841 1410 2143 1511 adopta-

182 1508 293 1582 vit.
456 1508 633 1587 ivite
678 1523 763 1584 ut
810 1506 1045 1585 felesti
1075 1509 1151 1600 Sc
1185 1507 1664 1586 consummati
1701 1511 2020 1605 juvenes,
2058 1520 2143 1582 ut

185 1606 319 1678 veri
368 1602 518 1682 Dei
551 1601 934 1691 Nazaraei,
988 1603 1195 1681 nullo
1230 1619 1701 1702 mortuorum
1742 1604 2142 1703 operum&

187 1699 568 1779 cadaverosi
607 1699 822 1800 huJ‘us
866 1700 1126 1778 mundi
1166 1699 1505 1778 conmttu
1547 1702 2018 1800 coinquinati,
2057 1714 2141 1778 ut

188 1798 393 1899 pubes
442 1799 733 1887 eximia,
790 1813 875 1876 ut
914 1797 1156 1898 regale
1189 1796 1690 1885 sacerdotium,
1728 1810 1812 1875 ut
1850 1797 2140 1904 coeleste

188 1894 537 1996 peculium
579 1950 599 1980 ,
651 1895 741 1971 ad
790 1894 994 1998 quod
1026 1893 1566 1995 acquirendum,
1606 1896 1681 1968 δε
1737 1917 1778 1969 a
1832 1892 2142 1970 munda-

190 2012 270 2066 na
307 1991 416 2068 illa
446 1991 630 2068 faece
655 1990 1128 2092 separandum
1152 2048 1173 2078 ‚
1229 2002 1455 2091 prout
1488 1990 1784 2068 crastina
1820 2012 1957 2066 nos
2006 1988 2142 2068 do-

173 2088 363 2168 tebit
404 2088 742 2167 festivitas
766 2142 787 2177 ‚
837 2112 1032 2166 nova
1069 2110 1315 2163 revera
1349 2089 1759 2186 progemeS‚
1810 2085 1966 2162 alto·
1988 2100 2141 2165 coe*-

176 2181 256 2259 io
293 2183 600 2273 demissa,
639 2183 894 2269 Sermo
934 2183 1149 2273 Caro,
1185 2181 1393 2263 Deus
1423 2181 1699 2270 homo,
1720 2181 1939 2263 fastus
1990 2178 2136 2272 est,

188 2277 384 2360 sanstus
414 2304 602 2383 ergo
637 2282 736 2371 id,
767 2283 970 2386 quod
1005 2306 1145 2359 nos
1191 2304 1450 2359 omnes
1490 2278 1755 2367 sumus,
1779 2281 1853 2358 δι
1882 2279 2143 2375 cujus',

231 2380 371 2457 uod
442 2380 669 2458 fimus
723 2436 744 2473 ,
814 2404 970 2460 nun
1020 2403 1200 2456 uam·
1244 2375 1735 2455 demeniimffe
1761 2375 2135 2453 debemus.

174 2399 332 2555 {sec
407 2478 481 2555 id
547 2491 872 2564 tantum,
921 2475 989 2553 se
1083 2475 1172 2553 ad
1229 2473 1472 2577 quod,
1519 2473 1795 2575 (prout
1834 2471 2014 2550 illud
2062 2475 2140 2548 in

172 2570 598 2675 ‘succulentis
653 2572 721 2650 S.
770 2573 1024 2653 Coenae
1066 2572 1369 2686 dapibus
1393 2572 1606 2648 nobis
1648 2572 1725 2651 ὅτ
1763 2568 2143 2648 adumbra-
2253 2632 2258 2641 .

180 2671 364 2748 'bitur
413 2675 486 2748 &
534 2669 1064 2780 obfignabitur)
1147 2668 1293 2769 ipse
1341 2666 1709 2746 miserator
1752 2669 1828 2741 in
1883 2666 2141 2745 semet-

186 2770 210 2843 i
258 2765 403 2845 sum
431 2767 959 2854 immisericors,
987 2764 1160 2842 Vita
1198 2763 1343 2864 ipsa
1381 2780 1690 2865 mortua,
1727 2762 2139 2840 resurreetio

183 2865 465 2965 ‘epulta‚
528 2865 835 2954 Coelum
858 2877 1001 2940 aut
1033 2861 1205 2940 coeli
1250 2859 1389 2938 flos
1432 2863 1507 2937 &
1539 2859 1922 2971 gaudium,
1968 2858 2144 2935 coeli

176 2960 395 3042 *haeres
452 2966 529 3040 δε
593 2959 965 3043 Dominus
984 3016 1003 3046 ,
1059 2957 1546 3035 fundator&
1633 2953 2073 3034 Αῐεῑῑιῐεᾶυε
2115 3010 2137 3042 ,

187 3057 548 3138 Gehennae
582 3059 978 3137 terroribus
1023 3112 1042 3142 ‚
1097 3054 1487 3155 pavoribus
1509 3109 1528 3138 ,
1586 3052 1977 3150 angoribus
2024 3064 2144 3125 to-

190 3167 300 3231 tus
354 3182 403 3233 o
460 3155 701 3256 pletus
746 3154 863 3229 est.
963 3150 1209 3229 Vivite
1249 3165 1337 3228 ut
1357 3172 1541 3227 mox
1566 3151 1802 3225 vivere
1830 3144 2140 3223 defituri.

184 3249 296 3349 Ne
327 3181 527 3330 ficfite
565 3250 803 3353 quaeso
838 3252 1081 3337 aetati,
1161 3251 1238 3356 &
1283 3250 1383 3327 ob
1425 3244 1725 3323 viridem
1760 3241 2139 3343 capillum,

188 3347 258 3422 ἃ
324 3349 631 3427 mollem
662 3372 821 3450 quae
851 3349 1091 3447 primo
1133 3344 1312 3422 flore
1345 3367 1563 3444 genas
1624 3354 1881 3455 opacat
1942 3336 2146 3425 lanu,-

244 3447 257 3461 ‘
315 3469 457 3534 em,
501 3447 804 3545 longam
843 3444 1052 3520 vobis
1075 3446 1297 3519 vitam
1330 3439 1796 3542 pollicemini.
1897 3432 2150 3512 Cario-

187 3468 545 3651 fflnponte
574 3542 958 3621 &lubrico
993 3538 1393 3725 adfingdgim
1423 3535 1599 3615 calle
1636 3536 1711 3611 ὃς
1734 3554 1886 3653 νος
1906 3533 2149 3707 hdffi:
2199 3588 2202 3591 ,
