2590 4326
453 140 623 235 574
1008 129 1639 285 ..u—“Q(
1715 130 1853 236 3³8
2103 264 2428 288 *—

450 305 691 407 sicque
729 307 887 385 satis
939 306 1199 406 ampla,
1246 321 1333 384 ut
1379 307 1621 408 plures
1652 308 1880 387 loculi
1921 280 2097 385 illuc
2144 309 2430 386 confer.

448 406 512 479 ri
602 403 814 483 offint
880 404 1017 491 (h).
1088 403 1289 482 Dein
1333 404 1481 481 hoc
1530 419 2100 481 monumentum
2149 406 2257 481 est
2306 406 2428 484 sub

294 501 295 504 ‘
450 514 525 577 te
596 526 646 579 o
675 500 973 601 Templi
1011 499 1460 600 senosylvani·
1489 557 1510 588 ,
1550 500 1726 578 colli
1764 501 2061 590 elatiori,
2114 500 2311 579 dur-o
2354 528 2429 582 ac

451 595 806 675 salebroso
850 598 1252 678 inaedificati
1268 655 1289 684 ‚
1338 612 1424 676 ut
1456 619 1640 700 aqua
1686 597 2015 697 pluvialis
2045 598 2346 675 facilem
2360 602 2427 676 ἃ

449 695 763 778 celerem
795 688 1054 777 habeat
1088 692 1757 794 defluxum3-porro
1805 692 1957 770 haec
1991 719 2119 795 cry
2176 709 2421 776 tamu-

450 794 546 874 tis
570 793 758 871 bene
799 791 901 872 est
941 790 1191 879 clausa,
1241 791 1426 868 adeo
1458 805 1544 868 ut
1579 793 1888 889 exiguus
1936 792 2053 869 vel
2127 817 2255 868 ere
2273 792 2420 868 nul·

448 886 561 964 lus
605 888 876 989 humor
896 902 1019 965 aut
1065 898 1183 964 aer
1216 887 1306 966 ad
1331 887 1530 970 inam
1561 901 1891 1000 penetret
1923 913 1946 981 3
2003 891 2081 965 δε
2128 889 2417 966 tandem

447 984 686 1159 {psufin
728 985 1075 1157 fefietrum
1070 1007 1249 1159 s1³:011
1293 987 1373 1064 in
1392 983 1538 1085 ipsa
1568 997 1755 1082 jacet
1778 983 2035 1076 humo,
2076 984 2209 1062 sed
2252 986 2419 1063 binis

547 1107 584 1155 .1
639 1107 697 1158 ιε
740 1107 779 1158 e
860 1107 965 1164 lm
1021 1106 1068 1158 o
1097 1106 1124 1156 1
1158 1105 1304 1163 um.

507 1106 618 1255 gSi
659 1193 903 1257 autem
967 1193 1121 1265 unt,
1165 1179 1428 1279 quibus
1481 1175 1638 1258 haec
1669 1177 2079 1274 comestura
2119 1202 2286 1257 non
2325 1204 2418 1257 ar*-

445 1276 696 1364 rideat‚
741 1277 1004 1383 quibus
1057 1276 1167 1351 hae
1211 1278 1524 1356 rationes
1565 1297 1722 1350 non
1771 1273 2200 1354 satisfaciant
2241 1332 2263 1363 ‚
2313 1276 2421 1356 sed

323 1427 332 1437 ·
449 1373 589 1453 illis
615 1376 837 1455 varias
887 1375 1233 1471 objiciant
1267 1369 1719 1451 difficultates
1741 1428 1764 1459 ‚
1812 1396 1878 1451 v.
1908 1469 1923 1484 ο
1933 1381 2039 1469 gr.
2105 1370 2182 1446 fir
2214 1372 2419 1470 hujus

282 2553 286 2559 '
443 2559 696 2615 enarro
757 2535 878 2630 (i).

445 1471 821 1556 cadaveris*
855 1469 1303 1556 conservatio
1356 1493 1449 1545 ex
1466 1467 1578 1549 his
1617 1473 2002 1568 proveniat
2029 1467 2279 1556 causis,
2300 1494 2418 1553 cur

445 1591 608 1644 non
667 1574 747 1649 ὅ(
781 1566 914 1644 reli
966 1592 1059 1643 ua
1092 1568 1169 1642 in
1197 1565 1465 1649 eodem
1486 1564 1775 1648 tumulo
1815 1587 2132 1663 ‘corpora
2152 1565 2417 1646 fuerint

447 1662 879 1752 conservata,
902 1590 978 1739 ἃ
1030 1687 1190 1762 quae
1231 1662 1395 1742 sunt
1420 1662 1571 1774 aliae
1601 1662 2067 1773 ob'effloneS,
2121 1662 2412 1837 respon-

445 1762 722 1847 demu8‚
758 1759 954 1835 idem
977 1758 1202 1840 ferme
1245 1755 1625 1858 contigiffe
1757 1782 1993 1835 aronis
2078 1756 2177 1838 O.
2288 1758 2414 1837 HI-

441 1855 685 1935 LH'PI
729 1852 942 1933 Filiae.
1043 1854 1236 1932 Vide
1262 1854 1446 1932 infra
1512 1854 1577 1947 §.
1613 1851 1948 1939 XXXII.
2133 1858 2258 1939 ein
2316 1856 2411 1935 lu-

439 1954 620 2031 bens
652 1953 862 2040 cedo,
910 1978 1029 2029 me
1056 1954 1399 2031 omnibus
1436 1951 1653 2050 hujus
1712 1956 1819 2028 rei
1865 1951 2083 2029 nodis
2142 1952 2411 2030 solven-

443 2050 552 2127 dis
581 2048 716 2132 effe
740 2052 1110 2150 imparem.
1212 2048 1375 2149 Ego
1409 2073 1566 2128 rem
1601 2047 1844 2150 ipsam
1891 2049 2043 2125 vidi
2099 2051 2180 2128 &
2231 2050 2405 2137 scio',

440 2165 518 2230 at
575 2173 784 2226 verus
839 2146 1397 2226 conservationis
1447 2146 1714 2224 modus
1739 2172 1858 2225 me
1899 2145 2073 2227 latet
2123 2179 2153 2236 ‚-
2209 2150 2411 2263 proin

446 2270 621 2337 cum
636 2245 758 2325 hic
787 2243 1144 2327 Criticum
1171 2269 1329 2325 non
1364 2244 1814 2358 agannhujus
1849 2247 1954 2321 rei
1995 2244 2410 2347 disquisitio-

360 2416 365 2421 .
439 2368 612 2420 nem
669 2340 777 2418 Ph
827 2340 997 2418 fices
1072 2367 1192 2418 me
1233 2343 1697 2441 peritioribus
1784 2341 2151 2425 demando
2178 2400 2201 2431 ,
2275 2365 2407 2443 ego

439 2455 685 2517 autem
757 2366 1100 2516 ffiistodci
1171 2452 1411 2541 partes
1470 2437 1849 2540 suscipiens
1930 2464 2093 2518 rem
2142 2455 2404 2523 certam

2138 2642 2405 2714 XXXII.

392 2872 393 2875 n
439 2796 551 2888 (h)
571 2814 573 2817 ’
591 2794 828 2876 Pridie
867 2794 1017 2876 Cal.
1061 2795 1309 2898 Junias
1327 2854 1350 2885 ‚
1425 2820 1581 2898 quo
1621 2795 1928 2876 secunda
1959 2797 2262 2878 Batonis
2282 2799 2409 2877 hu-

591 2897 860 2972 *matio
891 2894 1070 2972 fafia
1096 2895 1217 2982 est,
1245 2897 1322 2971 in
1352 2893 1501 2973 hoc
1551 2911 2043 2974 monumento
2065 2922 2188 2974 ma
2225 2956 2231 2960 .
2291 2922 2413 2974 um

628 2990 948 3078 Baronis,
993 2994 1233 3072 minus
1278 2991 1470 3069 illius
1510 2990 1728 3078 Filiae,
1753 2990 2146 3081 Feretrum,
2264 2995 2408 3073 duo

627 3089 1014 3168 infantium
1028 3088 1277 3176 loculi,
1303 3113 1476 3166 cum
1500 3089 1593 3166 ali
1642 3103 1796 3168 uot'
1821 3089 2242 3170 calvariis&
2260 3089 2424 3171 offi-

631 3187 769 3262 bus
810 3185 1327 3280 defunstorum
1350 3190 1628 3289 reperie
1681 3198 1907 3266 antur.

439 3283 536 3376 (i)
589 3282 664 3361 Si
700 3283 891 3359 forte
905 3281 1042 3359 Vir
1085 3282 1407 3371 eruditus
1442 3285 1517 3360 δε
1538 3305 1790 3361 rerum
1808 3283 2264 3395 physicarum
2287 3310 2409 3388 pe:-

462 3474 470 3479 ἢ
628 3382 828 3466 ritus,
854 3382 1144 3459 invetas
1170 3378 1386 3475 hujus
1436 3380 1995 3459 conservationis
2019 3383 2259 3460 causas
2304 3388 2409 3460 in-

625 3479 964 3575 quireret,
1005 3478 1069 3552 is
1100 3476 1331 3555 dubio
1364 3478 1626 3578 procul
1663 3479 1772 3554 rei
1838 3477 2198 3558 litterariae
2257 3503 2416 3557 non

626 3573 1242 3653 contemnendam
1314 3577 1712 3677 praestiterit
1788 3598 2090 3677 operam
2137 3633 2163 3665 ,
2267 3586 2412 3752 ἵξιο
